3374 5272
255 576 391 664 λάσσης·
430 577 498 665 τὴς
521 578 562 643 δὲ
584 571 848 668 άνθριοπηίης
871 582 1086 670 λεγομένης
1115 591 1247 673 γενεῆς
1271 583 1392 652 noto*

257 687 398 774 κράτης
422 685 509 752 ἐστὶ
532 698 702 775 πρῶτος.
740 691 779 756 of.
804 691 852 756 IV
878 697 949 774 187,
975 692 1004 755 V
1028 697 1079 776 22,
1104 692 1151 757 VI
1175 699 1226 759 82.

213 796 367 878 Singulae
383 816 511 880 causae,
536 797 649 878 quihus
670 799 827 864 adductus
851 799 967 880 aliquis
984 799 1065 866 facit
1080 799 1200 881 aliquid
1217 802 1270 868 vel
1285 802 1398 883 quihus
1418 823 1425 838 ·

122 903 303 971 rationibus
327 908 491 987 permotus
508 904 624 986 aliquis
641 905 836 971 sententiam
853 926 943 972 suam
959 907 1138 992 profitetur,
1162 916 1398 993 enumerantur,
1431 926 1434 931 ·

123 1011 238 1076 deinde
261 1015 359 1078 verbo
383 1012 464 1092 quod
488 1013 529 1078 ad
550 1013 776 1104 antecedentia
798 1033 855 1078 nos
879 1015 1353 1103 relegat'oomprehenduntur:

169 1119 198 1180 V
222 1124 261 1182 91
292 1116 370 1182 Τότε
393 1117 425 1180 δὲ
450 1111 502 1194 ὠς
525 1109 718 1202 άνέλαβον
748 1118 785 1184 οἱ
810 1121 1122 1204 Λακεδαιμόνιοι
1147 1121 1220 1200 τοὺς
1240 1123 1400 1210 χρησμοὺς

258 1225 310 1287 καὶ
333 1223 407 1300 τοὺς
424 1217 611 1312 Ἀθηναίους
635 1221 732 1314 δίρεον
756 1219 984 1310 αὐξανομένους
1007 1231 1061 1293 καὶ
1085 1222 1230 1311 οὐδαμῶς
1253 1229 1400 1312 ἑτοίμους

259 1329 368 1408 ἰόντας
391 1337 577 1397 πείθεσθαί
601 1334 771 1420 σφι,·νόηι
795 1334 988 1418 λαβόντες,
1014 1329 1058 1414 ιδς
1081 1335 1251 1422 ἐλεύθερον
1274 1338 1331 1420 μὲν
1349 1337 1399 1402 ἒδν

257 1437 294 1502 τὸ
316 1443 405 1522 γένος
428 1432 613 1527 τόᾌιτικδν
638 1439 810 1528 ἰσόρροπον
833 1451 880 1528 epi
904 1441 1030 1509 ἕιυυτιῦν
1053 1439 1092 1508 δν
1113 1449 1243 1530 γίνοιτο,
1268 1445 1399 1526 κατεχό-

257 1569 351 1626 μενον
379 1545 411 1610 δὲ
440 1539 505 1610 ὑπὸ
533 1547 715 1632 τυραννίδος
737 1539 877 1627 άσθενὲς
900 1551 953 1613 καὶ
977 1555 1238 1636 πειθαρχέεσθαι
1262 1549 1398 1634 ἑτοῖμον,

257 1651 456 1735 μαθόντες
485 1653 524 1718 δὲ
554 1653 703 1720 τοότων
731 1654 1159 1740 έκασταμετεπέμποντο
1186 1643 1314 1746 Ἱππίην
1345 1657 1400 1723 τὸν

259 1761 494 1847 Πεισιστράτου
827 1766 829 1770 ’

170 1868 234 1932 VII
261 1874 299 1933 18
322 1873 567 1956 μεμνημένος
595 1870 668 1951 μὲν
691 1869 746 1939 τὸν
774 1869 830 1936 ἐπὶ
852 1877 1075 1957 Μασσαγέτας
1091 1871 1194 1958 Κόρου
1221 1872 1333 1937 στόλον
1357 1866 1400 1950 τός

259 1972 383 2062 ἐ’πρηξε,
399 1981 650 2063 μεμνημένος
666 1978 703 2044 δὲ
718 1978 781 2043 καὶ
796 1978 851 2044 τὸν
868 1971 921 2044 ἐπ’
937 1979 1110 2057 Αἰθίοπας
1133 1978 1187 2045 τόν
1211 1979 1398 2063 Καμβύσεω,

258 2082 546 2170 συστρατευόμενος
569 2085 602 2150 δὲ
632 2087 686 2150 καὶ
711 2091 837 2172 Δαρείῳ
869 2085 923 2152 ἐπὶ
948 2085 1086 2164 Σκύθας.
1134 2085 1400 2169 ἐπιστάμενος

260 2177 311 2254 ιδν
334 2199 457 2254 ταῦτα
487 2189 642 2278 γνώμην
665 2189 770 2274 εἶχον
793 2185 1003 2278 άτρεμίζοντά
1032 2214 1068 2257 σε
1090 2191 1287 2278 μακαριστὸν
1317 2188 1399 2257 εἶναι

259 2295 340 2382 πρὸς
363 2297 494 2362 πάντων
516 2289 713 2384 άνθριόπων.
749 2301 788 2366 cf.
814 2302 861 2366 VI
886 2307 936 2385 61,
961 2301 1026 2366 VII
1052 2307 1101 2383 16,
1125 2301 1208 2366 VIII
1235 2307 1306 2366 100.

213 2406 333 2471 Restat
353 2410 390 2470 nt
405 2406 559 2472 nonnulla
575 2407 722 2491 exempla
745 2407 954 2502 epanalepsis¹
974 2407 1117 2490 afferam,
1141 2427 1222 2488 quae
1245 2406 1401 2489 explicari

124 2517 261 2596 possunt
284 2514 468 2579 Herodoteo
490 2532 608 2595 genere
632 2513 759 2579 dicendi
782 2515 865 2595 quod
887 2519 1006 2580 vocant
1029 2512 1112 2590 λέξιν
1135 2512 1312 2600 είρομένηνε

170 2620 187 2685 I
210 2626 252 2686 46
281 2619 324 2684 Τὰ
348 2629 412 2684 τιον
436 2624 582 2706 Περσέων
606 2618 778 2707 πρήγματα
803 2613 998 2702 αὐξανόμενα
1021 2625 1162 2696 πένθεος
1183 2619 1242 2702 μὲν
1264 2629 1402 2707 Κροῖσον

260 2718 439 2804 άνιέπαυσε,
466 2725 621 2814 ἐνέβησε
645 2727 682 2793 δὲ
713 2725 752 2806 ἐς
776 2728 977 2814 φροντίδα,
1007 2725 1129 2804 ε’ίκιυς
1158 2726 1295 2806 δόναιιο,
1326 2729 1403 2812 πρὶν

258 2834 414 2919 μεγάλους
436 2839 591 2918 γενέσθαι
614 2834 687 2911 τοὺς
704 2840 837 2919 Πέρσας,
861 2836 1050 2918 καταλαβεῖν
1070 2826 1174 2899 αότιῦν
1194 2825 1403 2922 αόξανομένην

259 2941 478 3030 τὴνδόναμιν.
524 2941 623 3034 μετά
649 2929 697 3008 τόν
720 2941 787 3029 τὴν
810 2941 998 3007 διάνοιαν
1021 2940 1167 3028 ταύτην
1190 2933 1304 3006 αὐτίκα
1319 2933 1403 3006 άπε-

244 3058 394 3134 ’πειρᾶτο
420 3058 484 3114 τῶν
506 3050 676 3136 μαντηίων.
724 3049 763 3114 σί.
787 3050 805 3115 Ι
831 3055 903 3132 191,
933 3050 1039 3137 1111,
1069 3050 1116 3115 IV
1140 3053 1192 3113 49.
1219 3055 1270 3132 92,
1299 3049 1403 3131 Ver),

263 3158 327 3223 VII
354 3163 425 3223 ror.
454 3162 526 3241 145,
550 3157 601 3221 IX
625 3163 676 3222 oo.
883 3159 887 3165 ’

218 3263 422 3344 Thucydides
447 3260 568 3345 quoque
592 3263 812 3345 epanalepsim
837 3263 967 3344 saepius
986 3262 1104 3345 posuit,
1129 3279 1318 3343 quamquam
1341 3279 1403 3326 non

125 3377 196 3435 tam
220 3373 332 3436 crebro
348 3389 441 3451 quiam
458 3370 651 3452 Herodotus,
676 3370 708 3434 id
725 3371 807 3450 quod
829 3369 894 3435 iam
910 3369 985 3434 inde
1001 3367 1158 3451 explicari
1181 3372 1299 3450 potest,
1323 3367 1404 3447 quod

125 3477 184 3541 ille
219 3475 290 3554 fuse
325 3477 514 3559 copioseque
549 3477 690 3542 scrihere
724 3495 787 3540 non
817 3477 958 3542 adamat.
1013 3474 1167 3556 Singulas
1199 3473 1405 3557 epanalepsis

127 3582 260 3666 formas,
284 3602 365 3664 quae
388 3583 422 3661 in
439 3583 636 3664 Thucydidis
652 3583 747 3648 libris
762 3583 923 3666 leguntur,
946 3581 1010 3648 iam
1027 3581 1171 3648 breviter
1195 3581 1404 3662 attingamus

219 3690 373 3757 Narratio
389 3689 462 3771 ipsa
478 3695 640 3772 tamqnam
656 3691 822 3773 postulare
838 3690 975 3774 videtur,
999 3693 1036 3755 ut
1052 3688 1190 3771 scriptor
1207 3686 1405 3774 digressione

129 3796 221 3862 faeta
237 3816 273 3862 eo
295 3797 372 3879 loeo,
395 3817 456 3878 quo
479 3796 699 3863 narrationem
723 3798 806 3862 unde
830 3796 979 3880 digressa
995 3801 1047 3861 est
1063 3795 1169 3861 redire
1186 3794 1273 3876 facit,
1298 3793 1415 3882 tegen-¹

129 3903 219 3968 tibus
242 3903 295 3970 vel
315 3903 520 3969 audientibus
543 3910 706 3986 tamquam
730 3909 839 3969 notam
857 3907 1006 3986 apponat.
1055 3887 1234 3967 Taii'modo
1251 3899 1408 3982 explicari
1445 3968 1450 3974 ,

129 4014 241 4092 potest
271 4011 360 4076 locus
392 4010 456 4094 ille,
472 4009 536 4091 'qui
560 4011 644 4092 apud
668 4010 888 4092 Thucydidem
917 4009 964 4074 IV
998 4015 1059 4073 103
1091 3993 1134 4073 in.
1164 4007 1298 4089 legitur:
1332 3997 1407 4069 Ἐπὶ

129 4116 247 4203 ταύτην
278 4105 331 4181 οὖν
355 4109 372 4180 δ
394 4117 552 4203 Βρασίδας
581 4110 661 4203 δρας
685 4115 719 4194 ἐξ
734 4109 847 4203 ᾌρνυῐν
874 4124 930 4204 τῆς
952 4114 1144 4202 Χαλκιδικῆς
1167 4111 1339 4200 έπορεάετο
1362 4119 1408 4197 τη]

130 4231 268 4310 στρατιῇ,
294 4244 376 4306 quae
398 4228 500 4291 verba
526 4243 584 4291 nos
608 4225 758 4308 relegant
781 4225 823 4290 ad
846 4223 972 4316 initium
995 4242 1065 4305 cap.
1093 4228 1154 4287 102
1178 4221 1233 4287 ubi
1255 4219 1408 4302 legimus:

136 4338 198 4396 'roc
231 4322 258 4393 δ’
287 4322 386 4395 ednod
412 4340 569 4412 χειμῶνος
597 4331 755 4415 Βρασίδας
779 4327 857 4410 έχων
885 4327 959 4404 τοὺς
981 4326 1045 4392 Ιἐπὶ
1079 4325 1199 4414 Θρηίκης
1230 4323 1409 4407 ξυμμάχους

133 4436 340 4524 ἐστράτευσεν
362 4435 394 4514 ἐς
412 4429 605 4524 Ἀμφίπολιν
622 4436 676 4526 τὴν
700 4435 755 4501 ἐπὶ
779 4434 934 4520 Στρυμόνι
957 4444 1094 4520 ποταμη)
1109 4426 1286 4520 Ἀθηναίων
1308 4424 1408 4496 άιιοι-

131 4549 204 4608 κίαν
227 4550 260 4611 et
293 4550 381 4610 certe
405 4545 610 4627 Thucydides
640 4544 730 4609 nulla
754 4543 820 4608 alia
844 4544 882 4608 de
907 4561 1006 4608 cansa
1030 4541 1225 4606 sententiam
1249 4558 1318 4621 oap.
1349 4544 1408 4602 102

118 4651 167 4716 in.
201 4651 265 4742 iam
290 4670 477 4734 expressam
502 4651 655 4715 hocloco
680 4650 843 4731 repetivit,
866 4648 931 4712 nisi
954 4654 991 4712 ut
1014 4647 1055 4712 iis
1079 4666 1160 4727 qnae
1185 4665 1253 4727 cap.
1278 4638 1345 4708 '102
1370 4645 1409 4708 de

1262 4751 1302 4802 *3
