3374 5272
129 557 216 626 inter
227 561 460 644 AntIphontem
477 565 636 626 oratorem
654 567 688 625 et
704 560 903 642 scriptorem,
920 559 951 626 id
966 561 1048 641 quod
1064 557 1150 626 inira
1162 555 1402 644 explicabimus,

128 687 247 749 magna
272 668 450 734 similitudo
474 667 676 734 intercedere
699 667 882 734 rideatur.¹

218 775 340 854 Omitto
364 775 548 842 accuratius
573 793 731 857 exponere
755 775 909 841 norruulla
931 777 1032 842 uerba
1056 775 1279 856 aThucydide
1302 775 1403 857 primo

129 882 181 947 vel
204 881 344 947 formata
367 883 419 949 vel
444 902 527 948 nova
551 887 648 962 atque
671 881 805 948 insolita
827 883 957 948 notione
980 882 1103 966 induta,
1126 883 1302 948 locutiones
1320 883 1403 948 anti-

130 989 250 1070 quioris
274 990 395 1055 aetatis
426 989 668 1072 exspectatione
699 989 827 1072 saepius
852 988 1025 1072 restitutas
1049 989 1160 1075 esse¹),
1186 990 1404 1071 Thucydidem

130 1096 312 1177 praeceptis
336 1096 557 1178 grammaticis
581 1096 714 1163 liberius
738 1097 787 1162 uti
811 1102 844 1161 et
873 1097 1016 1179 linguam
1039 1096 1226 1179 plerumque
1250 1096 1290 1160 iis
1314 1097 1403 1180 locis

131 1202 184 1267 ubi
212 1222 274 1268 non
304 1208 439 1269 narrata
464 1205 518 1269 sed
544 1204 689 1284 cogitata
712 1204 830 1270 mentis
855 1204 1021 1286 patefacit,
1047 1211 1210 1285 tamquam
1234 1203 1404 1285 imperiose

130 1327 352 1394 magnacum
388 1312 579 1407 seueritate,
619 1331 701 1393 (μου
736 1330 798 1375 non
834 1313 924 1375 morlo
959 1331 999 1376 ex
1034 1309 1206 1382 sententiis
1245 1311 1404 1394 cognosci,
1467 1389 1468 1394 ρ

130 1418 187 1482 sed
226 1417 325 1483 etiam
363 1438 402 1484 ex
441 1437 559 1501 genere
595 1419 720 1484 dicendi
759 1417 890 1483 auribus
929 1418 1052 1499 percipi
1090 1422 1212 1500 potest,
1249 1423 1402 1486 tractare.

94 1517 96 1520 ’
129 1523 242 1588 Facile
274 1525 376 1606 igitur
407 1530 459 1590 est
489 1545 538 1608 ea,
563 1544 644 1607 quae
676 1525 904 1606 Thucydideae
936 1525 1124 1590 elocutionis
1155 1524 1286 1605 propria
1319 1530 1404 1608 sunt,

130 1628 206 1694 aliis
230 1629 385 1713 exemplis
409 1632 616 1725 amplificare,
641 1631 862 1697 difficillimum
884 1638 992 1696 autem
1014 1637 1065 1696 est
1088 1631 1275 1713 diiudicata,
1299 1637 1405 1718 utrum

129 1737 188 1802 illa
219 1739 324 1804 omnia
352 1757 434 1820 quae
467 1759 565 1820 supra
598 1739 766 1804 attulimus
794 1758 829 1803 re
859 1759 938 1804 vera
962 1739 1160 1820 Thucydidis
1185 1739 1315 1828 propria
1339 1739 1405 1804 siut

129 1863 171 1909 an
195 1845 267 1924 plus
290 1845 437 1912 minusve
460 1845 534 1911 aliis
559 1845 772 1927 scriptoribus
797 1837 986 1911 debeantur.

218 1951 455 2018 Auctoritatem
479 1952 614 2019 aliorum
636 1952 828 2034 scriptorum
844 1951 932 2018 illius
949 1951 1070 2018 aetatis
1087 1953 1171 2032 apud
1188 1953 1406 2034 Thucydidem

132 2055 254 2139 aliquid
288 2058 413 2124 valuise
448 2059 511 2124 iam
546 2064 676 2125 veteres
711 2078 768 2140 pro
803 2059 971 2140 explorato
1005 2059 1196 2124 habuerunt.
1254 2061 1406 2140 Tryphon

131 2164 361 2244 grammaticus
386 2172 420 2231 et
442 2165 618 2247 Dionysius
639 2166 745 2232 Halic.
763 2165 892 2230 nomina
916 2164 1127 2248 Antiphontis
1152 2171 1185 2230 et
1210 2166 1406 2246 Thucydidis

132 2271 326 2356 consociant,
358 2291 428 2337 cum
458 2277 592 2354 uterque
624 2271 803 2338 vetustiore
833 2291 978 2338 sermone
1002 2272 1112 2338 Attico
1142 2273 1260 2353 illoque
1288 2291 1407 2354 genere

132 2379 257 2445 dicendi
280 2398 358 2444 usus
382 2379 435 2466 sit,
459 2381 543 2461 quod
566 2399 586 2444 a
609 2379 793 2444 rhetoribus
818 2371 974 2463 αὐστηρόν
997 2383 1140 2444 vocatur.
1190 2378 1373 2461 Tryphonis
1382 2379 1406 2464 2)

131 2489 232 2552 Verba
255 2487 335 2552 haee
359 2491 449 2552 sunt:
472 2493 666 2572 χαρακτῆρες
687 2484 848 2571 ῥητορικαὶ
863 2495 957 2570 τρεῖς,
983 2489 1146 2548 τουτέστιν
1163 2483 1229 2571 ε’ίδρ
1247 2483 1406 2572 φράσειαν,
1434 2507 1438 2514 ·

132 2583 305 2678 αὐστηρόν,
319 2596 426 2673 μέσον,
452 2590 566 2673 ἰσχνόν.
613 2591 667 2655 καὶ
691 2589 826 2673 τὸνμὲν
850 2583 1007 2677 αδστιγρδν
1023 2588 1212 2678 ἐπετήδευσε
1224 2603 1407 2678 χαρακτῆρα

137 2697 320 2786 θουκυδίδρς
348 2699 401 2762 καὶ
423 2690 584 2786 Ἀντιφῶν.
631 2699 726 2764 Dion.
751 2697 889 2784 Helie.³)
920 2699 1000 2764 haee
1032 2697 1125 2763 dicit:
1157 2696 1275 2785 ταύτης
1298 2698 1330 2763 δὲ
1354 2709 1408 2787 τῆς

132 2798 285 2888 ἁρμονίας
315 2805 374 2891 (se.
404 2813 460 2891 τῆς
487 2796 659 2892 αὐστηρᾶς)
689 2804 802 2868 πολλοὶ
832 2804 890 2886 μὲν
919 2801 1062 2888 ἐγίνοντο
1091 2802 1227 2888 ζηλωταὶ
1257 2804 1338 2868 κατοὶ
1374 2830 1408 2869 τε

132 2915 264 2998 ποίησιν
287 2912 349 2974 καὶΙ
363 2910 506 2997 ἱστορίαν
522 2912 575 2974 καὶ
599 2911 711 2994 λόγους
733 2910 928 2994 πολιτικοὺς,
953 2910 1157 2997 διαφέροντες
1177 2905 1408 2975 decreverim

133 3055 175 3064 —-
192 3015 224 3082 ἐν
240 3009 267 3080 δ
284 3016 410 3104 ἱστορίᾳ
430 3018 625 3105 Θουκυδίδης,
650 3015 683 3082 ἐν
698 3017 731 3082 δὲ
746 3018 927 3093 πολιτικοῖς
943 3014 1049 3101 λόγοις
1059 3009 1224 3102 Ἀντιφῶν,
1249 3023 1283 3082 et
1299 3037 1351 3100 pg.
1367 3025 1408 3082 52

133 3124 250 3191 ibidem
280 3119 299 3210 δ]
327 3125 360 3188 δέ
386 3149 438 3190 τοι
466 3124 651 3190 Θουκυδίδου
674 3123 765 3201 λέξις,
798 3125 851 3187 καὶ
876 3116 894 3210 ἡ
918 3131 1130 3210 Αντιιγιῦντος
1154 3161 1193 3170 -
1220 3125 1324 3201 καλῶς
1350 3123 1413 3206 μὲν

133 3230 307 3316 σύγκειται.
349 3233 568 3315 Thucydidem
592 3233 752 3298 imitatum
777 3251 849 3298 esse
866 3232 1019 3314 Gorgiam
1037 3237 1071 3297 et
1086 3231 1255 3297 Prodicum
1271 3230 1408 3312 legimus

132 3339 166 3404 in
189 3339 260 3406 vita
283 3339 482 3421 Thucydidis
506 3357 588 3423 quae
613 3343 671 3406 sub
695 3339 821 3404 nomine
844 3339 1026 3404 Marcellini
1049 3339 1154 3404 fertur
1178 3336 1196 3423 ξ
1215 3344 1254 3402 56
1273 3334 1409 3424 ἐζήλωσε

133 3444 166 3508 δὲ
195 3437 247 3510 ἐπ’
277 3437 391 3529 ὀλίγον,
422 3438 445 3509 u‘
449 3470 465 3522 ς
496 3447 594 3532 φησὶν
612 3439 784 3522 Ἄντυλλος,
817 3443 952 3522 καὶτὰς
978 3449 1110 3530 Γοργίου
1133 3441 1333 3527 παρισώσεις
1355 3445 1409 3507 καὶ

133 3551 191 3629 τὰς
214 3544 400 3629 οἷντιδέσεις
423 3560 486 3616 τιον
511 3543 676 3633 ὀνομάτων
700 3544 929 3634 εὐδοκιμούσας
959 3543 1029 3614 κατ)
1054 3548 1154 3634 ἐκεῖνο
1178 3558 1289 3634 καιροῦ
1319 3548 1406 3634 παρὰ

133 3668 203 3736 τοῖς
218 3653 350 3746 Ἕλλησι
373 3660 427 3723 καί
449 3663 559 3741 μέντοι
582 3660 635 3722 καὶ
652 3659 807 3743 Προδίκου
830 3667 886 3722 τοῦ
903 3663 998 3722 Κείου
1021 3656 1077 3744 τὴν
1101 3655 1154 3721 ἐπὶ
1172 3668 1241 3734 τοῖς
1257 3648 1409 3744 ὀνόμασιν

134 3757 365 3853 ἀκριβολογίαν.
404 3769 475 3832 Νοο
492 3768 593 3833 solum
607 3767 840 3848 Antiphontem
856 3771 890 3831 et
907 3765 1080 3848 sophistas
1106 3767 1162 3830 sed
1179 3765 1278 3830 etiam
1294 3769 1408 3845 poetas

135 3875 225 3941 velut
240 3874 415 3940 Pindarum
439 3881 472 3938 et
487 3874 682 3954 Aeschylum
708 3874 748 3952 ad
772 3872 962 3958 imitandum
983 3872 1046 3938 sibi
1062 3871 1266 3953 proposuisse
1283 3872 1409 3960 Thucy

136 3979 250 4064 didem,
275 3981 435 4062 copiosius
460 3981 630 4047 adnotavit
654 3980 759 4046 Schol.
785 3981 827 4044 ad
852 3978 1050 4060 Thucydidis
1073 3979 1149 4066 libri
1172 3979 1280 4059 quarti
1303 3979 1406 4043 finem.

135 4087 340 4154 Grauissima
364 4088 511 4169 quaestio
533 4086 612 4152 mihi
628 4087 765 4170 videtur,
790 4091 826 4150 ut
842 4085 1007 4167 paulisper
1022 4085 1200 4167 Prodicum,
1225 4085 1408 4167 Pindarum,

134 4199 248 4276 poetas
282 4193 427 4276 tragicos
462 4193 657 4277 omittamus,
692 4211 849 4274 quaenam
884 4191 968 4257 ratio
1003 4191 1090 4256 inter
1121 4189 1341 4271 Thucydidem
1375 4197 1410 4256 et

225 4370 247 4440 1)
265 4385 407 4424 numerum
434 4385 526 4423 earum
554 4369 607 4422 iam
635 4367 809 4435 a-DionysIc
839 4375 998 4435 congestum
1026 4367 1119 4420 Both
1147 4366 1163 4419 l.
1190 4366 1207 4418 l.
1233 4382 1279 4434 pg.
1306 4369 1408 4420 le—ee

135 4458 318 4527 amplificavit.
472 4507 477 4514 .

224 4547 247 4616 ²)
266 4548 299 4602 W
311 4547 365 4602 alz
385 4547 466 4601 Rhet.
485 4562 575 4615 graec.
595 4547 666 4600 VIII
684 4564 709 4614 p.
730 4548 789 4601 750.

223 4634 245 4702 ³)
264 4635 297 4689 de
316 4634 510 4704 compositione
529 4634 672 4689 verborum
690 4651 715 4702 p.
737 4636 795 4689 150.
894 4655 896 4660 ’
