3374 5272
909 358 927 416 6

811 435 1022 453 ..m—...4-

280 566 355 632 aliis
385 567 472 632 velut
502 565 544 631 ab
567 565 754 631 Alexandro
784 567 921 649 rhetore,
952 565 1091 648 'liberio
1121 566 1250 647 Aquila*
1268 567 1413 632 Romano
1441 567 1552 650 figuris

280 671 478 755 elocutionis,
503 692 522 737 a
542 672 798 738 Phoebammone
821 672 951 739 rhetore
975 678 1009 738 et
1032 672 1145 756 figuris
1167 673 1358 741 elocutionis
1375 681 1409 740 et
1425 679 1551 740 senten-

281 779 398 844 tiarum
433 778 583 862 attribui,
622 784 735 845 contra
770 799 791 846 a
825 780 1045 846 Choerohosco
1081 785 1115 846 et
1150 781 1323 863 Tryphone
1358 781 1391 845 in
1424 800 1552 846 numero

281 891 444 968 troporum
467 884 560 970 duci,
575 885 640 951 tria
664 885 794 953 diversa
817 886 995 969 pleonasmi
1011 905 1131 970 genera
1155 907 1195 953 ex
1219 887 1458 953 definitionibus
1482 888 1551 952 rhe-

280 998 385 1058 torum
407 997 552 1059 veterum
578 1011 746 1059 secernere
769 1013 961 1076 possumne,
980 1013 1075 1060 unum
1099 994 1243 1062 videmus
1267 996 1352 1077 apud
1368 994 1553 1061 Diomedem

280 1103 315 1164 et
341 1098 375 1166 in
398 1099 509 1182 Etym.
534 1100 663 1182 Magno,
693 1099 747 1166 ubi
777 1100 978 1166 abundantia
1006 1100 1190 1166 litterarum
1224 1085 1423 1184 singularum
1451 1100 1553 1166 medio

280 1205 313 1271 in
344 1205 499 1272 vocabulo
529 1205 733 1288 pleonasmus
762 1211 910 1288 vocatum
942 1207 1039 1273 aliter
1067 1205 1248 1289 explicatur
1277 1209 1480 1289 pleonasmus
1512 1209 1553 1272 ab

281 1312 421 1395 Georgio
457 1312 677 1378 Ohoerobosco
712 1317 747 1380 et
781 1315 822 1378 ab
854 1312 1038 1380 Alexandro
1073 1314 1212 1396 rhetore,
1247 1314 1300 1394 qui
1335 1315 1552 1397 pleonasmum

280 1423 415 1484 cernunt
446 1418 479 1484 iu
509 1418 709 1486 abundantia
737 1419 937 1501 singulorum
971 1421 1151 1486 verborum.
1196 1419 1342 1486 Tertium
1378 1421 1553 1502 pleonasmi

280 1543 382 1608 genus
397 1524 562 1592 invenitur
578 1527 663 1607 apud
678 1525 966 1592 Phoehammonem
981 1527 1152 1610 rhetorem,
1172 1526 1225 1608 qui
1241 1527 1419 1608 pleonasmi
1435 1527 1553 1594 formae

281 1632 452 1698 nonnullas
475 1631 776 1715 attribuittiguras,
800 1633 890 1699 velut
912 1633 1161 1716 epanaphoram,
1185 1633 1415 1717 epanalepsim,
1440 1654 1551 1716 epexe-

282 1737 395 1822 gesim,
409 1737 502 1822 alias,
527 1739 610 1804 unde
626 1744 764 1820 apparet
779 1737 877 1805 etiam
892 1758 952 1820 per
975 1739 1155 1804 sententias
1172 1759 1253 1821 quae
1269 1739 1353 1806 idem
1370 1740 1554 1823 significant

282 1843 441 1927 repetitas
470 1845 688 1928 pleonasmum
712 1865 784 1912 esse
814 1846 1075 1929 intellegendum.
1120 1848 1243 1912 Notatu
1266 1847 1397 1929 dignum
1429 1848 1554 1914 videtur

282 1954 322 2018 ab
346 1951 464 2034 Aquila
487 1953 630 2018 Romano
657 1953 852 2018 rhetoricum
876 1971 997 2034 quoque
1020 1971 1122 2036 genus
1145 1954 1324 2034 pleonasmi
1348 1949 1445 2038 (quod
1468 1960 1554 2020 certe

281 2059 493 2142 grammatico
528 2059 643 2141 opponi
676 2058 761 2144 vult)
796 2059 965 2125 nominari.
1019 2060 1090 2144 Qua
1124 2061 1157 2126 in
1192 2080 1228 2126 re
1263 2061 1411 2143 congruit
1438 2061 1554 2142 Aquila

281 2166 444 2232 Romanus
461 2184 530 2231 cum
544 2165 753 2250 Quintiliano,
778 2165 831 2248 qui
847 2165 1075 2248 pleonasmum,
1100 2185 1169 2232 cum
1186 2186 1387 2249 supervacua
1402 2174 1553 2233 oneratur

282 2271 462 2342 adiectione
478 2272 591 2356 oratio,
615 2273 729 2339 vitium
745 2273 903 2340 nominat:
927 2293 997 2340 curn
1013 2280 1113 2358 auget
1128 2273 1334 2341 nanifestam
1350 2273 1553 2357 sententiam,

282 2377 493 2448 uirtutema·

324 2523 326 2538 ι
372 2497 417 2562 Ut
432 2495 507 2577 quid
523 2497 562 2562 de
578 2496 816 2563 definitionibus
832 2498 995 2563 rhetorum
1012 2504 1156 2564 veterum
1173 2499 1379 2564 statuendum
1395 2498 1553 2579 videatur,

283 2601 394 2684 paucis
417 2601 527 2670 verbis
551 2604 745 2687 adumbrem‚
769 2604 914 2685 equidem
938 2623 977 2670 ea
1001 2625 1083 2686 quae
1106 2604 1325 2689 Quintilianus
1344 2606 1364 2670 l.
1388 2604 1408 2670 l.
1434 2603 1554 2686 attulit,

284 2717 360 2776 aute
384 2709 490 2776 omnia
513 2711 654 2776 tenenda
684 2729 756 2798 esse
780 2712 1029 2778 autumaverim:
1058 2713 1170 2778 rhetor
1193 2711 1277 2778 enim
1300 2711 1355 2778 ille
1379 2709 1556 2794 pleonasmi

283 2814 499 2883 definitionem
524 2814 778 2883 nobistradidit
802 2816 899 2901 (VIII
923 2821 952 2902 3,
977 2823 1017 2883 53
1047 2819 1112 2884 Est
1141 2826 1174 2884 et
1203 2814 1403 2898 πλεονασμὸς
1431 2816 1555 2899 vitium,

284 2941 363 2988 cum·
378 2923 586 3005 supervacuis
609 2922 720 2990 verbis
750 2923 853 2990 oratio
882 2929 1032 2991 oneretur
1063 2933 1097 2992 et
1120 2926 1170 2991 IX
1195 2925 1224 3009 3,
1248 2931 1289 2992 47
1336 2927 1418 2990 Nam
1445 2930 1479 2990 et
1502 2943 1555 3008 ge-

284 3028 418 3096 minatio
442 3035 476 3096 et
498 3029 650 3112 repetitio
674 3035 708 3097 et
738 3031 966 3114 qualiscunque
994 3033 1132 3100 adiectio
1155 3028 1353 3114 laisowerpire
1377 3031 1480 3098 videri
1503 3051 1555 3114 po·

285 3137 366 3223 test)
391 3156 471 3219 quae
495 3157 627 3220 prorsus
651 3138 782 3220 probari
806 3146 916 3221 potest
938 3159 997 3206 nec
1027 3145 1093 3206 tarn
1118 3140 1266 3223 angustis
1296 3138 1413 3206 finibus
1444 3143 1479 3204 ut
1502 3137 1557 3203 alii

286 3241 398 3312 volunt
421 3244 666 3328 circumscripta
688 3244 779 3330 est.¹)
826 3247 926 3313 Recte
953 3267 1074 3329 quoque
1099 3247 1317 3332 Quintilianus
1341 3246 1557 3329 pleonasmum

285 3357 319 3418 et
343 3350 454 3420 vitium
472 3351 663 3434 designasse
679 3351 817 3436 videtur,
841 3372 911 3418 cum
928 3354 1135 3436 supervacuis
1151 3354 1261 3421 verbis
1279 3353 1382 3420 oratio
1399 3353 1557 3434 oneretuu,

286 3464 320 3525 et
343 3458 506 3542 virtutem,
531 3477 600 3525 cum
615 3463 744 3542 augeat
768 3458 973 3526 manifestam
991 3461 1196 3528 sententiam.
1233 3459 1323 3527 Scite
1345 3459 1481 3542 denique
1504 3479 1558 3524 ex-

287 3565 395 3647 posuit
410 3565 595 3648 pleonasmo
620 3587 717 3650 saepe
733 3569 868 3634 affectus
892 3568 1037 3652 exprimi,
1060 3569 1187 3636 ratione
1206 3567 1433 3651 psychologica
1449 3566 1559 3650 igitur,

289 3677 324 3738 ut
347 3672 395 3739 ita
418 3673 533 3758 dicam,
557 3675 788 3742 abundantiam
806 3673 933 3742 dicendi
948 3674 1105 3758 explicari
1121 3677 1200 3759 vult,
1224 3695 1286 3756 qua
1308 3675 1342 3740 iu
1360 3694 1395 3740 re
1418 3672 1560 3756 vestigia

288 3779 356 3846 eius
379 3781 461 3864 legit
483 3787 597 3848 nostra
620 3788 731 3850 aetate
754 3781 944 3868 Ziemerfi)

377 3898 453 3964 Jam
477 3903 681 3965 transeamus
706 3900 747 3965 ad
770 3899 998 3982 grammaticos
1022 3897 1228 3982 recentiores,
1253 3917 1384 3980 quorum
1412 3900 1451 3964 de
1475 3898 1559 3979 pleo-
1654 3951 1655 3958 ,

289 4023 400 4070 nasmo
424 4005 612 4096 sententiae·
630 4025 693 4071 non
717 4006 820 4073 minus
836 4005 986 4072 diversae
1010 4011 1086 4072 suunt
1109 4023 1202 4088 quiam
1218 4013 1371 4098 ueterum.
1408 4006 1446 4070 G.
1464 4006 1560 4070 Her-

288 4110 485 4196 mannus‘l)
517 4111 737 4194 pleonasmum
766 4118 835 4180 tam
858 4111 940 4179 artis
973 4111 1208 4179 circumscribit
1238 4112 1354 4180 finibus
1384 4117 1420 4178 ut
1449 4113 1560 4196 multa,
1654 4181 1655 4198 ,

380 4289 401 4357 1)
419 4289 517 4358 Itaque
528 4288 589 4344 iure
600 4287 641 4348 IX
660 4291 684 4358 3,
704 4291 809 4344 45-47
827 4289 991 4344 sententiam
1004 4288 1115 4344 Caecilii
1132 4288 1242 4357 rcicllit,
1261 4289 1307 4357 qui
1321 4288 1562 4358 congregationem
1654 4289 1655 4348 l

290 4381 433 4435 verborum
450 4379 521 4435 idem
544 4377 760 4449 significantium
784 4377 862 4434 uelut
881 4378 963 4448 abiit,
983 4377 1107 4446 excessit,
1127 4379 1222 4447 evasit,
1241 4377 1338 4446 enrpit’
1356 4377 1465 4446 proprie
1489 4378 1562 4447 pleo·
1654 4391 1655 4454 j

290 4485 383 4526 naemu
402 4469 491 4525 notari
510 4469 580 4526 vult.
992 4509 993 4512 ,

380 4559 404 4629 ²)
421 4557 710 4628 Jnnggrammatische
729 4556 886 4628 Streiiziige
903 4560 982 4636 put
1002 4563 1031 4612 et
1050 4561 1101 4614 140
1120 4573 1178 4626 sqq.
1654 4603 1655 4606 ,

380 4648 402 4720 ³)
421 4647 454 4708 In
472 4646 699 4710 commentatione
715 4647 748 4708 de
761 4647 860 4722 Ellipsi
874 4652 902 4707 et
914 4648 1073 4704 Pleouasmo
1085 4648 1113 4702 in
1133 4647 1229 4721 lingua
1246 4659 1354 4719 graeca,
1374 4659 1462 4719 opusc.
1476 4646 1527 4700 vol.
1542 4645 1562 4702 1.
1654 4647 1655 4656 ’
