3374 5272
126 549 364 631 Athenienses,
389 548 442 630 qui
457 547 567 630 populi
582 547 731 630 partibus
748 549 923 614 studebant
939 553 973 614 et
988 548 1149 614 timebant
1171 569 1211 636 ne
1227 551 1413 618 Alcibiades

137 663 307 724 revocatus
336 642 457 722 statum
487 655 535 720 rei
562 654 711 736 publicae
724 660 954 742 commutaret,
987 657 1183 723 sententiam
1206 659 1357 726 Pisandri
1380 667 1412 725 et

136 766 315 846 legatorum
340 760 621 829 vehementissime
637 762 880 844 impugnabant.
921 763 1007 846 Quos
1023 769 1059 829 ut
1074 764 1240 830 refelleret
1255 765 1413 832 Pisander

137 867 189 937 ex'
208 869 343 952 singulis
371 875 539 950 postquam
571 869 699 934 seduxit
724 867 906 954 (παράγων)
932 869 1101 954 quaesivit,
1131 891 1205 938 num
1238 873 1277 938 de
1306 873 1411 938 salute

137 977 282 1043 ciuitatis
307 996 439 1058 sperare
463 980 605 1058 possent,
630 975 692 1042 nisi
716 995 829 1058 aroge
849 982 883 1042 et
899 977 1119 1058 Tissapherne
1143 978 1297 1044 subsidiis
1322 980 1410 1044 alliu-

136 1091 300 1150 verentur.
348 1083 425 1148 Cum
449 1082 644 1164 interrogati
668 1101 730 1147 non
747 1083 906 1149 haberent
930 1083 1004 1165 quid
1028 1083 1173 1150 dicerent
1190 1077 1304 1170 (ὁπότε
1320 1085 1352 1148 δὲ
1368 1084 1411 1171 ρο)

138 1195 278 1277 palpum·
296 1188 518 1275 ἐρωτώμενοι),
542 1195 620 1255 tum
644 1208 737 1254 vero
762 1187 918 1273 (ἐντατθα
937 1188 987 1276 δή)
1005 1193 1088 1272 apud
1106 1210 1160 1257 eos
1176 1191 1342 1258 confessus
1360 1187 1412 1258 ¹est

135 1299 167 1364 id
201 1299 281 1380 quod
313 1317 410 1378 nsque
435 1297 533 1363 adid
562 1303 687 1378 tempus
712 1296 897 1379 reticuerat,
921 1303 957 1362 ut
980 1316 1089 1380 regem
1114 1297 1177 1363 sibi
1201 1298 1411 1364 conciliarent

135 1405 280 1488 amicum,
300 1405 514 1486 magistratus
531 1405 571 1468 ad
589 1421 707 1485 paucos
724 1393 913 1469 deferendos
929 1409 963 1468 et
978 1404 1178 1471 Alcibiadem
1195 1405 1409 1487 recipiendum

135 1531 217 1594 esse,
243 1532 312 1577 cum
335 1512 363 1576 is
388 1512 475 1594 solus
499 1530 538 1576 ea
562 1531 642 1592 quae
665 1512 787 1576 vellent
810 1529 966 1592 peragere
990 1519 1110 1592 posset.
1158 1512 1292 1595 Quodsi
1308 1514 1409 1594 respi-

135 1621 245 1702 cimus⁷
278 1617 483 1684 manifestum
513 1624 564 1682 est
596 1617 718 1682 voculis
747 1615 821 1680 τότε·
849 1616 885 1702 δὴ
917 1617 1037 1698 aliquid
1068 1617 1142 1684 novi
1172 1625 1267 1699 atque
1300 1620 1410 1702 magni

134 1725 287 1791 momenti
311 1723 429 1792 afferri.

630 1921 679 1998 α,
704 1915 746 2007 ἢν
771 1959 809 1966 -
836 1914 913 2007 ατη.

223 2119 286 2182 VII
318 2125 356 2183 77
387 2119 439 2181 καὶ
468 2113 504 2205 ἢν
531 2109 781 2201 ἄντιλαβώμείλοί
810 2141 866 2180 του
897 2118 1005 2204 φιλίου
1030 2123 1149 2202 χωρίου
1177 2127 1241 2182 τιῦν
1272 2118 1409 2196 Σικελῶν

136 2214 253 2309 (οὗτοί
263 2224 323 2308 χάρ
346 2218 419 2311 {priv
435 2224 486 2288 διὰ
503 2224 540 2288 τίν
556 2229 757 2310 Συρακοσίων
781 2225 849 2300 δέος
865 2223 912 2289 ἔτι
928 2229 1050 2307 (distentet
1067 2223 1162 2310 εἰσιν)
1180 2218 1249 2311 ἤδη
1265 2223 1408 2306 νομίζετε
1426 2255 1433 2286 ;

134 2330 164 2394 ἐν
181 2339 226 2416 τῷ
243 2329 339 2416 ἐχυρῷ
357 2329 447 2397 εἶναι.
473 2333 612 2398 Huncin
629 2333 731 2397 locum
748 2334 907 2412 qriadrare
922 2314 1073 2399 uidentur
1089 2351 1169 2413 quae
1185 2333 1371 2398 Kuebner
1384 2331 1407 2417 ¹)

134 2440 176 2511 de,
203 2438 382 2520 particulae
410 2432 465 2526 ἤδη
496 2440 529 2505 ui
557 2439 718 2522 exposuit:
753 2440 800 2522 ‘In
830 2442 1077 2522 iibertragenem
1102 2439 1201 2504 Sinne
1233 2439 1322 2504 stelit
1352 2431 1407 2525 ἤδη

133 2544 292 2610 bibens-in
319 2545 506 2628 Beziehung
538 2546 596 2611 auf
620 2545 713 2611 einen
738 2547 1006 2628 vorangebeuden
1031 2546 1110 2612 Satn
1139 2547 1216 2611 oder
1246 2546 1279 2610 in
1304 2546 1406 2626 einem

132 2651 325 2735 Nachsatze‚
355 2672 404 2717 um
438 2654 509 2719 eine
542 2653 786 2736 unmittclbare,
818 2653 887 2719 sich
919 2655 1000 2719 ohne
1029 2653 1192 2719 Weiteres
1224 2655 1407 2734 ergebende

132 2757 233 2840 Folge
257 2761 518 2826 auszudriioken’.
557 2743 559 2746 ⁵
605 2839 607 2842 Ι

219 2865 235 2928 Ι
266 2870 305 2929 18
334 2867 387 2928 καὶ
418 2875 481 2929 των
509 2859 662 2959 ίΙίλλήνιιιν
696 2865 727 2930 εί
754 2871 838 2942 τινίς
868 2890 931 2930 ττου
959 2866 1130 2945 διασταῖεν,
1164 2863 1245 2952 ατρὸς
1275 2865 1407 2942 τούτους

131 2963 196 3056 ἤδη
213 2967 357 3053 ἐχώρουν.
381 2974 554 3055 Apodosim
570 2975 663 3040 huius
680 2975 802 3056 periodi
819 2971 1033 3059 Kuehner2)
1046 2973 1159 3041 v'ertit:
1179 2989 1224 3057 ‘so
1241 2974 1405 3042 scblossen

130 3077 177 3142 sie
202 3078 269 3142 sich
294 3078 395 3144 sofort
418 3079 527 3145 diesen
552 3082 613 3146 an!

218 3193 403 3259 Particulae
433 3215 513 3276 qliae
532 3196 693 3278 protasim
723 3203 898 3278 sequuntur
926 3198 1025 3264 etiam
1053 3197 1182 3264 obviam
1209 3197 1301 3264 nobis
1324 3197 1405 3276 fiunt

128 3298 300 3380 participio
324 3301 393 3368 sive
417 3301 585 3368 coniuncto
610 3303 679 3370 sive
703 3306 851 3370 absoluto
875 3306 1103 3372 antecedente:

139 3471 140 3476 ,
173 3405 219 3470 Vl
244 3411 284 3469 56
306 3407 454 3486 χαλεπῶς
477 3407 510 3471 δὲ
534 3406 712 3493 ἐνεγκόντος
740 3419 795 3474 τοῦ
818 3403 980 3497 Ἁρμοδίου
1008 3411 1116 3496 ττολλῴ
1144 3410 1186 3497 δὴ
1212 3411 1343 3493 μᾶλλον,
1363 3402 1404 3474 δι’

263 3509 379 3580 ἐκεῖνον
401 3515 455 3578 καὶ
480 3505 752 3600 ὁᾌριστοχείτων
775 3517 979 3604 παρωξύνετο

173 3619 201 3682 V
226 3625 266 3682 58
286 3611 418 3704 Ἀργεῖοι
448 3623 480 3686 δὲ
509 3625 768 3708 προαισθόμενοι
793 3678 799 3690 .
826 3677 833 3690 .
860 3678 866 3690 .
893 3626 985 3692 τότε
1013 3619 1056 3714 δὴ
1080 3625 1325 3712 ἐξεστράτευσαν
1349 3624 1400 3687 καὶ

261 3718 361 3792 οὗτοι.
392 3730 432 3796 cf.
458 3731 549 3815 191,
575 3738 604 3815 4,
633 3733 680 3797 IV
706 3741 756 3800 ao.
789 3743 838 3800 73.
872 3743 921 3801 75.
947 3743 998 3802 ss.
1028 3743 1099 3820 135,
1124 3738 1170 3802 ur
1193 3742 1245 3801 48.
1272 3741 1322 3800 or.
1350 3742 1401 3818 ro,

261 3833 341 3899 VllI
366 3842 416 3901 39.
443 3844 493 3903 99.

215 3949 286 4014 Non
318 3956 598 4032 praetermittendi
631 3957 765 4040 denique
798 3966 893 4025 erunt
925 3961 954 4026 ei
986 3961 1062 4045 looi,
1095 3962 1211 4043 quibus
1242 3959 1402 4042 particula

128 4055 216 4125 velut
239 4053 380 4121 iocando
405 4059 440 4147 δὴ
464 4064 571 4143 posita
595 4075 646 4130 est
669 4084 728 4130 nec
750 4067 875 4147 protasi
899 4087 957 4134 nec
980 4068 1151 4151 participio
1174 4070 1317 4153 protasis
1333 4071 1401 4135 loco

127 4163 313 4242 praemisso.
383 4167 422 4230 In
462 4168 617 4236 eiusmodi
650 4193 771 4254 quoque
808 4175 889 4240 locis
931 4194 993 4240 non
1031 4175 1135 4242 minus
1174 4197 1267 4258 quam
1304 4196 1403 4260 supra

126 4268 268 4335 laudatis
301 4272 461 4353 particula
484 4273 626 4340 ἐνταῦθα
649 4278 685 4366 δὴ
715 4280 834 4362 aliquid
862 4281 937 4348 novi
965 4287 1096 4363 praeter
1127 4283 1401 4366 exspectationem

127 4374 196 4438 fieri
221 4376 429 4458 significatur.
464 4383 510 4446 IV
528 4390 568 4447 22
589 4383 623 4447 (li
649 4385 681 4449 (λὲ-
704 4386 784 4472 ττρὺς
803 4387 930 4475 1οὲντὴν
946 4379 1118 4471 ιίιοόκρισιν
1135 4382 1223 4454 odolo
1239 4382 1398 4468 είνιεῑνιον,

145 4611 152 4627 δ
217 4554 237 4618 ¹)
257 4554 449 4608 Ausfdbrliche
469 4535 948 4632 GriechischeG1o1n1naoik112p.
968 4569 1028 4619 676.

215 4641 237 4707 2)
257 4635 362 4697 ibidem.
