3374 5272
757 345 796 405 61

139 549 292 615 τοιούτοιν
324 549 357 614 a
385 513 606 637 γεγενημένοιν,
637 549 672 638 δὴ
702 553 863 634 particula
890 553 1081 636 exprimitur
1109 573 1148 620 ea
1176 573 1256 636 quae
1280 555 1412 637 apodesi

138 657 342 736 continentur
366 658 478 724 statim
501 663 535 724 et
563 659 655 740 quasi
685 659 757 742 lege
785 660 993 727 necessitatis
1023 661 1103 728 fieri.
1142 662 1182 728 cf.
1212 663 1248 728 Π
1278 668 1327 728 19.
1361 670 1410 730 70.

139 771 190 848 83,
215 766 267 831 ΠΙ
291 769 342 832 98.

557 941 700 1029 ἐπειδή
724 984 768 994 -
791 943 1000 1010 ἐνταῦθα»

225 1139 254 1202 V
279 1145 319 1204 65
344 1139 374 1204 σί
402 1131 430 1203 δ’
449 1131 582 1226 Ἀργεῖαι
613 1141 666 1206 καὶ
697 1140 727 1205 οἱ
756 1125 912 1224 ξίμμαχοι
941 1141 978 1207 τὸ
1005 1142 1063 1224 μὲν
1093 1151 1222 1230 πρῶτον
1244 1145 1409 1210 καταπλα-

137 1239 242 1329 ysara
272 1255 308 1332 τι]
341 1245 375 1324 ἐξ
402 1238 509 1331 ὀλίγου
532 1247 683 1335 αἰφνιδίῳ
709 1241 814 1314 αὐτῶν
838 1241 1036 1337 υἷναχωρήσει
1061 1241 1116 1340 oria
1140 1249 1223 1332 εἶχον
1247 1246 1297 1316 δτι
1321 1251 1409 1317 οἰκοί-

135 1371 250 1442 σιυσιν·
284 1341 343 1417 ἔντ’
377 1351 485 1442 ἐπειδὴ
517 1346 751 1440 ἀναχωροῦντες
789 1352 902 1421 ἐκεῖνοί
934 1380 969 1421 τε
1002 1347 1192 1443 δπέκροψαν
1229 1359 1283 1422 καί
1315 1371 1411 1446 σφεῖς

135 1451 288 1544 ἡσύχαζον
322 1461 375 1524 καὶ
411 1453 466 1526 οὐκ
502 1459 751 1548 ἐπηκολούθουν,
788 1461 930 1528 ἐνταῦθα
960 1461 1034 1540 τοὺς
1065 1461 1185 1528 edoctor
1218 1465 1411 1560 στρατηγοὺς

136 1555 236 1646 αὖθις
266 1566 297 1632 ἐν
325 1567 419 1654 αἰτίαἸ
442 1567 526 1650 εἶχον
553 1568 591 1634 τό
619 1595 654 1634 τε
681 1569 836 1658 πρότερον
866 1572 969 1648 καλιῦς
999 1572 1184 1658 ληφθέντας
1210 1570 1292 1657 πρὸς
1308 1565 1410 1662 Ἄρχει

136 1674 405 1757 Λακεδαιμονίους
422 1666 588 1762 ἀφεθῆναι
603 1677 657 1740 καί
673 1685 726 1742 νῦν
743 1671 792 1742 ὅτι
808 1670 1102 1762 ἀποδιδράσκοντας
1118 1669 1219 1770 οδδείς
1235 1677 1409 1760 ἑπιδιυίκει,

134 1774 215 1845 οἷλλὰ
240 1773 318 1846 καθ’
341 1775 472 1868 ἡσυχίαν
496 1781 526 1846 οἱ
548 1783 606 1865 μὲν
630 1781 796 1863 σώζονται,
822 1795 917 1872 σφεῖς
941 1783 973 1847 δὲ
996 1784 1209 1870 προδίδονται.
1244 1786 1411 1854 Particula

89 1886 91 1892 ’
137 1886 278 1955 ἐνταῦθα
294 1889 347 1956 hic
369 1889 540 1957 referenda
563 1897 615 1957 est
638 1893 679 1958 ad
695 1892 882 1959 adverbium
900 1887 979 1970 εἶτα,
997 1892 1078 1973 quod
1093 1893 1266 1975 respondet
1282 1900 1409 1961 antece·

138 1995 287 2062 dentibus
306 1995 438 2062 vocibus
462 1995 499 2063 τὸ
521 1996 579 2078 μὲν
602 2005 740 2081 πρῶτον,
766 2004 799 2064 et
822 1998 893 2064 ideo
917 1998 1024 2080 posita
1047 1997 1184 2082 videtur,
1208 2005 1244 2065 ut
1267 2019 1307 2066 ea
1329 2020 1410 2081 quae

135 2101 170 2167 in
182 2103 306 2184 protasi
318 2103 421 2169 allata
437 2109 512 2170 sunt
528 2105 838 2186 comprehendantur
851 2111 886 2171 et
901 2105 1021 2172 maiore
1038 2105 1071 2171 vi
1087 2123 1126 2171 ea
1142 2123 1223 2186 quae
1236 2115 1411 2187 sequuntur
1432 2117 1436 2127 ’

137 2214 360 2292 annectantur,
384 2210 433 2276 ita
456 2210 581 2292 quidem
605 2217 641 2278 ut
664 2211 747 2278 idem
770 2212 839 2278 fere
863 2211 1047 2295 significare
1069 2211 1219 2278 videatur
1248 2231 1287 2279 ac
1315 2231 1410 2280 voces

137 2314 251 2386 τούτου
275 2315 307 2380 δὲ
322 2321 527 2404 γεγενημένου
543 2317 699 2401 εἱστίασε
714 2318 855 2401 Argivos
872 2319 1037 2400 sociosque
1052 2337 1160 2384 eorum
1175 2318 1269 2386 initio
1285 2319 1411 2401 quidem

136 2423 274 2489 hostium
298 2429 430 2505 receptu
454 2423 654 2505 stupefactos
677 2409 793 2510 fuisse,⁴
812 2426 907 2507 paulo
929 2431 1004 2507 post
1035 2431 1142 2492 autem
1166 2444 1235 2491 cum
1259 2426 1412 2493 timerent

136 2547 177 2593 ne
199 2530 309 2596 hostes
333 2531 449 2597 iterum
473 2531 578 2613 elapsi
602 2537 713 2598 essent
736 2533 948 2616 imperatores
971 2532 1178 2599 insimulasse
1201 2532 1410 2615 exprimatur.

138 2635 177 2700 cf.
202 2637 231 2701 V
256 2642 306 2702 69.

492 2814 585 2880 ἐπεί
609 2854 648 2864 -
674 2815 768 2881 τότε
792 2816 861 2884 sive
884 2816 979 2882 τότε
1002 2817 1053 2904 δή.

224 3013 240 3078 Ι
264 3016 304 3077 39
330 3001 417 3076 οὗτοι
441 3004 468 3075 δ)
493 3002 529 3076 οὔ
553 3012 629 3097 πρὶν
644 3012 826 3098 πολιορκεῖν
842 3011 879 3079 τὸ
893 3017 1019 3099 χωρίον,
1044 3005 1112 3077 ἄλλ’
1129 3011 1238 3102 ἐπειδὴ
1254 3007 1411 3101 ἡγήσαντο

136 3109 217 3199 ἡμᾶς
246 3109 282 3181 αδ
308 3117 543 3202 περιόψεσθαι,
572 3117 659 3183 τότε
687 3119 741 3182 καὶ
771 3117 808 3182 τὸ
836 3110 994 3205 εὐπρεπὲς
1016 3127 1073 3206 τῆς
1096 3120 1182 3207 δίκης
1204 3125 1409 3207 παρέσχοντο.

135 3223 371 3290 Corinthiorum
395 3225 448 3306 qui
471 3230 545 3308 post
558 3225 767 3308 Corcyraeos
783 3226 921 3292 Athenis
945 3226 1175 3302 concionantur
1197 3227 1251 3294 vel
1273 3226 1411 3294 maxime

135 3329 296 3396 intererat
323 3332 546 3398 demonstrare
570 3333 769 3414 Corcyraeos
798 3333 926 3416 proprie
950 3332 1036 3398 falsa
1060 3332 1129 3400 sive
1152 3332 1262 3400 futilia
1285 3333 1410 3417 afferre,

135 3455 205 3501 cum
234 3436 379 3503 dicerent
410 3457 445 3504 se
477 3456 598 3520 quoque
621 3428 688 3505 rem
712 3439 746 3505 in
770 3439 940 3505 arbitrium
963 3458 1080 3506 vocare
1103 3439 1255 3506 voluisse.
1302 3440 1347 3504 At
1371 3439 1411 3504 de

135 3542 281 3627 arbitrio,
296 3543 342 3610 sic
353 3531 591 3611 ratiocinantur
602 3544 770 3630 Corinthii,
784 3543 868 3611 nunc
880 3545 934 3629 agi
946 3564 1009 3611 non
1021 3549 1139 3629 potest,
1152 3565 1227 3611 nam
1239 3544 1411 3628 Corcyraei

135 3669 197 3715 non
221 3649 421 3733 priusquam
441 3653 551 3718 urbem
577 3651 778 3736 obsidebant,
803 3653 860 3718 sed
884 3671 954 3718 cum
976 3671 1034 3719 nos
1051 3671 1151 3734 aequo
1167 3651 1272 3718 animo
1287 3652 1411 3718 laturos

134 3775 198 3822 non
221 3775 293 3822 esse
320 3757 527 3840 iudicassent,
553 3763 635 3823 tum
658 3758 814 3824 demum
835 3739 1014 3840 speciosam
1038 3757 1168 3824 arbitrii
1195 3757 1411 3824 condicionem

134 3863 357 3948 exhibuerunt,
381 3864 429 3930 ita
445 3874 480 3931 ut
496 3863 569 3928 τότε
585 3863 747 3947 particula
762 3863 796 3930 in
811 3865 904 3931 initio
921 3864 1071 3950 epodosis
1088 3864 1196 3946 posita
1211 3865 1410 3945 Corcyraeos

134 3988 205 4036 sero
229 3970 398 4037 arbitrium
423 3970 628 4053 proposuisse
652 3969 862 4054 significetur.
1445 3974 1446 3978 ’

222 4077 238 4142 Ι
257 4081 298 4142 49
324 4074 397 4142 ἐπεὶ
424 4077 456 4141 δὲ
479 4071 497 4165 ἡ
513 4075 755 4164 τροπὴίχένετο
770 4077 925 4164 λαμπρῶς
940 4079 994 4142 καὶ
1011 4076 1164 4143 ἐνέκειντο
1182 4077 1212 4142 σί
1229 4081 1409 4164 Κορίνθιοι,

133 4181 235 4247 τότε·
254 4182 299 4270 δὴ
330 4182 420 4270 ’ἔρχου
449 4193 516 4260 πᾶς
538 4184 640 4267 ε’ίχετυ
671 4179 727 4274 ἤδη
751 4185 804 4248 καὶ
828 4184 964 4272 διίκριτο
989 4176 1077 4249 οὐδὲν
1101 4183 1157 4251 ἐ’τι.
1190 4184 1410 4266 Thucydides

133 4290 253 4373 proelio
292 4291 403 4359 navali
440 4291 527 4357 inter
562 4291 745 4359 Corinthios
784 4297 819 4358 et
852 4292 1051 4374 Corcyraeos
1090 4298 1160 4359 orto
1193 4291 1410 4358 Athenienses

133 4415 254 4479 quoque
278 4397 466 4463 interfuisse
490 4397 601 4480 refert,
625 4399 674 4464 ita
697 4405 806 4465 tamen
829 4404 866 4465 ut
880 4418 989 4481 pugna
1006 4397 1219 4465 abstinerent.
1259 4397 1323 4464 Sed
1339 4417 1410 4464 cum

131 4503 348 4570 Athenienses
365 4505 563 4586 Corcyraeos
581 4503 614 4569 in
636 4523 734 4571 cornu
751 4505 883 4572 sinistro
900 4525 920 4570 a
936 4505 1112 4571 Corinthiis
1133 4504 1235 4586 premi
1250 4504 1408 4587 viderent,

130 4609 232 4689 primo
263 4610 389 4690 quidem
418 4608 539 4675 auxilio
563 4609 811 4694 navigaverunt,
835 4611 1025 4692 Corcyraeis
1053 4629 1130 4677 vero
1153 4610 1276 4692 fugatis
1299 4629 1409 4692 pugna
