3374 5272
748 335 786 400 31

129 547 269 633 repetito
285 553 384 617 verbo
398 549 603 630 Thucydides
620 549 803 632 significare
816 551 888 616 uult
903 570 965 616 non
980 551 1104 616 referre
1120 557 1225 617 utrum
1238 548 1407 619 arbitrium

129 658 343 740 Peloponnesi
366 657 500 723 urbibus
525 656 745 726 committatur
769 677 811 723 an
835 658 963 723 oraculo
987 659 1152 740 Delphico.

221 773 253 859 2)
277 775 294 838 Ι
319 779 360 838 30
385 769 775 858 ἐστρατοπεδεύοντο
800 770 855 837 ἐπὶ
872 765 990 859 {deripi
1007 815 1050 823 -
1074 815 1117 821 —-
1140 775 1194 838 καὶ
1217 783 1282 838 τιῦν
1304 769 1408 843 ἄλλων,

129 879 256 945 πόλεων
284 875 357 944 ὅσοι
386 883 482 965 σφίσι
513 880 620 966 φίλιαι
644 868 731 967 ἦσαν.
779 869 1250 966 οἷντοονρατοπεδεύοντο
1280 881 1316 945 δὲ
1342 883 1433 946 ιιαὶΙ

131 988 161 1052 οἱ
176 997 376 1074 Κερκαραῖοιε
401 1008 440 1054 ea
456 1007 537 1069 quae
550 987 709 1053 Corinthii
725 987 849 1054 iaciunt
865 995 1068 1070 opponuntur
1083 990 1124 1054 iis
1141 1009 1221 1071 quae
1235 991 1408 1072 Corcyraei

129 1096 313 1161 moliuntur.
370 1094 538 1177 Oppositio
572 1094 605 1159 in
641 1096 691 1159 his
725 1115 846 1176 quoque
881 1097 960 1161 locis
998 1099 1173 1162 statuenda
1208 1104 1275 1162 est:
1310 1099 1345 1162 Π
1378 1104 1405 1161 7.

132 1209 182 1268 15.
207 1209 260 1268 86.
286 1209 337 1267 92.

220 1317 254 1404 3)
278 1319 295 1382 Ι
318 1324 360 1382 47
386 1309 402 1381 ὃ
427 1316 522 1396 πεζὸς
550 1317 590 1402 ἠν
620 1319 674 1381 καὶ
697 1296 887 1383 laicorum
913 1321 1011 1400 χίλιοι
1043 1314 1180 1404 ὁπλῖταιΙ
1205 1325 1407 1407 βεβοηθη-

127 1424 250 1502 κότες.
303 1414 399 1511 ἦσαν
429 1425 466 1488 δὲ
495 1425 660 1501 καὶτοῖς
691 1431 880 1510 Κορινθίοις
910 1424 943 1492 ἐν
975 1437 1013 1514 τῇ
1044 1419 1166 1514 ἠπείρῳ
1200 1429 1314 1518 πολλοὶ
1345 1437 1408 1493 τιον

127 1531 294 1617 βαρβάρων
333 1531 755 1618 παραβεβοηθηκότες
795 1533 915 1614 aliquid
954 1554 1015 1600 uno
1055 1536 1226 1616 eodemque
1265 1541 1408 1616 tempore

127 1639 248 1705 iactum
280 1659 352 1705 esse
376 1639 396 1704 i.
422 1659 448 1705 e.
474 1645 508 1704 et
531 1639 722 1722 Corcyraeis
750 1645 783 1705 et
807 1640 984 1706 Corinthiis
1015 1642 1132 1707 multos
1161 1642 1264 1708 socios
1287 1643 1408 1708 auxilio

128 1746 258 1812 venisse
282 1746 421 1828 repetito
445 1749 543 1813 verbo
568 1753 644 1828 apte
668 1747 879 1830 significatur.
906 1747 980 1812 cil
1006 1753 1077 1814 126.
1106 1755 1177 1833 128,
1202 1751 1307 1814 1196.
1336 1756 1407 1834 101,

128 1855 177 1918 VI
200 1860 252 1936 88,
277 1854 359 1918 VIII
385 1861 422 1918 71
450 1873 496 1934 sq.

218 1969 253 2054 4)
277 1970 294 2035 Ι
318 1975 359 2034 85
380 1969 434 2032 καὶ
455 1967 536 2054 πρὸς
551 1967 625 2044 τοὺς
638 1960 824 2056 Ἀθηναίοις
848 1974 1029 2051 πέμπετε
1051 1969 1123 2052 μὲν
1146 1973 1293 2061 περὶτῆς
1310 1984 1407 2036 Ποτι-

129 2075 230 2152 delus,
255 2080 438 2155 πέμπετε
462 2076 499 2140 δὲ
522 2077 598 2161 περὶ
622 2066 665 2141 ὧν
690 2075 719 2140 oi
744 2066 901 2158 ξύμμαχοί
933 2098 1033 2162 φασιν
1056 2069 1261 2144 οἷόικεῐοθαιε
1293 2081 1407 2146 Archi·

130 2185 243 2248 damus
278 2183 311 2248 in
347 2184 480 2249 concilio
516 2184 672 2250 sociorum
708 2185 951 2250 Lacedaemone
986 2185 1098 2250 habito
1133 2187 1407 2252 Lacedaemonios

129 2290 289 2373 hortatur,
321 2295 357 2356 ut
380 2292 504 2356 duabus
535 2291 574 2356 de
604 2291 711 2356 causis
739 2285 867 2373 legatos
899 2292 941 2357 ad
963 2292 1180 2358 Athenienses
1210 2293 1345 2359 mittant
1375 2300 1409 2360 et

130 2401 262 2478 propter
284 2397 475 2463 Potidaeam
499 2402 532 2462 et
555 2402 688 2478 propior
712 2396 868 2462 sociorum
892 2399 1049 2478 querelas.

221 2512 255 2596 5)
278 2513 296 2577 I
322 2518 382 2578 116
409 2512 561 2599 Περικλῆς
590 2511 623 2576 δὲ
645 2510 750 2595 λαβὼν
774 2511 922 2599 ἑξήκοντα
945 2522 1020 2589 ναῦς
1044 2551 1087 2560 —
1114 2553 1153 2561 -
1178 2507 1304 2600 ηὔχετο
1327 2514 1408 2578 κατὰ

130 2617 227 2699 τάχος
250 2615 305 2682 ἐπὶ
329 2617 454 2683 Καύνου
477 2657 520 2664 κ-
539 2657 585 2710 “-
610 2612 730 2704 ᾤχετο
761 2617 825 2703 γὰρ
850 2619 903 2683 καὶ
928 2617 962 2684 ἐκ
985 2629 1041 2708 τῆς
1064 2619 1180 2702 Σοὲμοο,
1195 2625 1292 2685 πέντε
1315 2623 1407 2686 ναυσὶ
1429 2661 1430 2664 ¹

131 2723 346 2811 Στησαγόραςε
371 2727 504 2791 verbum
521 2726 676 2809 alterum,¹
692 2725 742 2791 cui
763 2727 925 2807 particula
941 2724 1002 2812 γάρ
1023 2729 1174 2809 apposita
1190 2733 1251 2812 est,
1275 2748 1406 2794 oausam

131 2831 236 2897 affert.
558 2843 560 2848 ’
1361 2829 1363 2834 ’

220 2938 372 3004 Videmus
403 2939 504 3020 igitur
527 2939 746 3020 Thucydidem
770 2939 872 3005 variis
896 2941 935 3006 de
959 2940 1066 3006 causis
1090 2941 1316 3021 repetitionem
1340 2941 1409 3008 sive

26 3135 28 3140 Ι
130 3045 369 3125 epanaphoram
393 3048 563 3111 verborum
587 3047 750 3129 adhihere,
774 3047 863 3113 velut
887 3051 923 3112 ut
946 3066 999 3112 res
1023 3047 1109 3112 inter
1133 3067 1167 3112 se
1192 3053 1333 3129 opponat
1356 3049 1409 3128 vel

130 3153 167 3214 ut
201 3150 322 3231 aliquid
356 3171 418 3216 uno
450 3153 622 3232 eodemque
642 3158 799 3234 'tempore
830 3152 951 3218 iactum
987 3173 1059 3220 esse
1091 3154 1254 3236 significet
1286 3155 1340 3218 vel
1373 3160 1410 3218 ut

129 3275 261 3322 oausam
295 3257 421 3324 afferat.
477 3260 659 3324 Notandum
689 3265 740 3325 est
775 3259 921 3325 omnibus
956 3261 1035 3326 locis
1066 3262 1239 3342 repetitum
1274 3263 1406 3326 verbum

132 3362 264 3427 annecti
288 3365 458 3444 particulis
482 3365 514 3427 dh
537 3365 591 3428 acl
615 3365 757 3449 (excepti
777 3370 854 3432 sunt
869 3366 932 3432 loci
948 3366 963 3431 Ι
980 3373 1032 3432 85.
1053 3366 1141 3450 116),
1165 3387 1227 3448 qua
1251 3386 1286 3432 re
1303 3367 1409 3447 specie

136 3470 207 3534 sola
231 3472 437 3551 epanaphora
461 3472 658 3554 Thucydidis
683 3474 723 3536 ah
748 3474 934 3538 Herodotea
958 3473 1075 3540 differt.

573 3721 595 3805 5
618 3689 656 3788 2(
672 3724 723 3788 lle
746 3721 966 3806 llponalepsi.

223 3863 338 3928 Altera
371 3863 560 3929 elocutionis
591 3864 765 3946 figurarum
797 3883 878 3945 quae
908 3864 1089 3931 adiectione
1119 3865 1188 3930 sive
1217 3865 1410 3946 repetitione

134 3969 218 4054 (sive
242 3969 434 4055 πλεονασμῷ
457 3975 493 4035 ut
510 3969 704 4053 Quintiliani
728 3955 830 4038 verbo*
850 3971 939 4057 utar)
964 3971 1110 4037 oriuntur
1126 3977 1177 4037 est
1193 3973 1408 4054 epanalepsis.

132 4075 202 4140 Iam
226 4095 324 4158 supra
347 4077 661 4144 commemoravimus
678 4070 841 4142 notionem
856 4079 1061 4159 epanalepsis
1085 4097 1147 4143 non
1170 4079 1253 4144 satis
1278 4078 1409 4144 circum-

135 4182 290 4263 scriptam
319 4201 400 4265 esse,
433 4203 502 4248 cum
531 4184 678 4249 rhetores
707 4183 852 4249 nonnulii
880 4184 1082 4266 anadiplosin
1113 4185 1182 4251 sive
1211 4185 1409 4267 palillogiam

133 4291 267 4353 eandem
299 4306 371 4354 esse
400 4289 538 4371 figuram
569 4296 665 4370 atque
697 4290 908 4371 epanalepsin
941 4295 1124 4371 auturnent;
1156 4291 1246 4356 velut
1269 4293 1409 4358 Pseudo-

132 4395 326 4460 Plutarchus
350 4395 389 4460 de
413 4395 483 4460 vita
502 4396 595 4461 Hom.
622 4401 662 4460 32
687 4397 898 4477 epanalepsin
922 4415 1032 4464 vocem
1055 4404 1200 4480 usurpat,
1225 4402 1261 4463 ut
1284 4398 1408 4478 palillo-

132 4499 219 4582 giam
243 4500 312 4568 siue
336 4501 540 4582 anadiplosin
564 4502 717 4583 explicet:
742 4494 967 4588 ἡπαλιλλοηία
984 4500 1186 4589 ἐπανάληψις
1202 4491 1281 4568 οὖσα
1296 4507 1410 4588 μέρους

132 4602 218 4682 τινὸς
240 4605 346 4689 λόγον,
373 4601 389 4692 i}
405 4605 562 4670 πλειόνων
579 4605 692 4682 λέξιιον
708 4604 1065 4690 irruroitepdicar-optram,
1091 4606 1107 4672 t
1124 4609 1174 4673 καὶ
1192 4601 1410 4685 ἄναδίπλωσις
