3374 5272
759 343 797 402 41

141 553 182 628 τά
208 552 373 636 ξύμιεοντα
399 593 437 600 -
464 555 511 618 VI
536 561 553 618 2
577 555 630 619 fin.
655 551 807 636 βάρβαροι
828 550 887 647 ⁸,uir
912 539 965 614 οὖν
988 555 1124 614 τοισοί
1133 551 1173 614 δε
1197 551 1342 615 Σικελίαν
1364 548 1416 614 καὶ

141 655 269 738 οὕτως
292 656 426 747 ιιῖκιγσαν.

231 770 475 835 Perlustrantes
504 769 651 848 exempla
679 786 761 848 quae
785 769 876 832 modo
899 767 1101 834 laudavimus
1125 786 1186 832 non
1210 767 1296 850 fugit
1318 771 1419 834 verba

143 875 258 956 quihus
282 875 509 942 antecedentia
533 874 845 956 comprehenduntur
867 874 1018 939 breviora
1041 893 1113 958 esse
1137 892 1231 954 quam
1248 894 1287 939 ea
1304 875 1418 957 quihus
1464 917 1465 920 =

144 983 289 1048 narlado
317 982 444 1047 Initium
469 981 575 1048 sumit.
625 982 714 1064 Quae
738 1001 791 1046 res
815 980 943 1046 corita
968 1000 1039 1046 sese
1063 982 1193 1064 habeat,
1218 982 1419 1062 perspicuum

145 1094 209 1152 est:
243 1087 300 1153 illa
330 1091 430 1154 verba
458 1087 761 1169 comprehendentia
791 1107 886 1170 quam
913 1087 1105 1154 brevisSIme
1136 1088 1177 1152 ad
1208 1107 1247 1152 ea
1276 1105 1358 1168 quae
1386 1089 1419 1154 in

146 1195 412 1260 antecedentibus
441 1195 544 1260 allata
575 1183 650 1260 srmt
678 1194 825 1276 legentes
854 1195 1004 1278 relegant
1034 1199 1068 1260 et
1090 1195 1123 1259 id
1147 1177 1230 1276 duod
1253 1201 1420 1260 narratum

144 1308 196 1367 est
220 1307 382 1383 tamquam
406 1304 508 1369 denuo
533 1309 609 1368 ante
633 1303 740 1368 oculos
763 1303 937 1385 legentium
962 1302 1106 1369 breviter
1130 1307 1319 1384 proponunt.
1385 1337 1387 1344 ·

233 1409 304 1473 Non
339 1410 439 1474 solum
474 1410 661 1490 pronomina
701 1409 777 1493 (uno
812 1409 881 1476 loco
920 1409 1106 1495 adverbia),
1137 1410 1169 1476 id
1205 1413 1288 1494 quod
1324 1431 1421 1492 supra

145 1514 331 1598 monuimus
364 1517 420 1581 sed
448 1516 547 1582 etiam
582 1521 728 1598 tempora
760 1517 795 1581 in
825 1516 972 1598 plurimis
1004 1517 1083 1583 locis
1115 1517 1179 1583 sihi
1208 1518 1419 1598 respondent:

144 1621 366 1704 imperfectum
392 1627 431 1670 -'-
456 1622 643 1704 imperfecto
671 1624 723 1688 HI
749 1631 799 1706 21,
824 1624 964 1689 aoristus
989 1660 1031 1677 -e
1056 1624 1177 1690 aoristo
1206 1625 1253 1689 Vl
1283 1630 1311 1706 2,
1339 1624 1422 1688 VIII

148 1736 286 1812 17-19,
310 1749 466 1811 praesens
491 1730 678 1797 historicum
702 1769 745 1778 -
769 1731 890 1797 aoristo
916 1731 996 1796 VIII
1022 1737 1170 1815 57-59,
1195 1732 1247 1796 III
1279 1737 1419 1796 27498.

146 1835 278 1902 Aoristo
302 1839 476 1918 respondet
503 1838 726 1920 imperfectum
750 1838 796 1902 IV
822 1845 961 1922 ἵεν-77,
990 1858 1049 1920 quo
1081 1840 1150 1905 loco
1173 1838 1423 1926 παρεσκευάσθη

147 1942 289 2008 aoristus
302 1943 461 2026 excipitur
472 1943 727 2029 ιταρεοκειδζετο
739 1945 937 2029 imperfecto,
956 1946 1038 2026 quod
1051 1945 1192 2012 fortasse
1205 1947 1253 2012 ita
1265 1946 1423 2028 explicari

148 2054 265 2133 potest,
282 2055 318 2114 ut
337 2056 518 2117 statuamus
535 2071 574 2117 ea
590 2072 671 2133 quae
687 2052 904 2118 Athenienses
921 2058 1034 2117 contra
1050 2053 1178 2137 Siphas‚
1195 2054 1423 2136 Chaeroneam,

147 2155 274 2220 Delium
310 2157 427 2238 oppida
461 2164 629 2242 pararent,
658 2164 791 2240 peracta
826 2162 903 2224 non
923 2158 1032 2224 fnisse.
1091 2161 1279 2225 Permutato
1314 2161 1424 2227 ordine

148 2270 294 2343 tempora
317 2263 461 2330 videmus
485 2257 593 2346 posita
617 2267 645 2328 V
667 2273 717 2350 69,
745 2273 759 2330 1
793 2305 825 2312 -
853 2267 881 2329 V
904 2271 955 2347 69,
978 2275 995 2327 2
1020 2271 1225 2352 παραινέσεις
1247 2261 1326 2331 καίν’
1350 2266 1424 2331 ἑκά-

149 2387 244 2444 στοις
259 2361 324 2431 διεδ
341 2379 404 2434 τιον
422 2370 547 2434 οἰκείων
571 2382 754 2458 στρατηγῶν
778 2372 898 2436 τοιαίδε
923 2370 1083 2456 ἐγίγνοντο
1106 2383 1175 2449 τοῖς
1197 2373 1255 2455 μὲν
1275 2367 1425 2458 ἈργείανΙ

149 2475 203 2537 καὶ
228 2464 400 2557 ξομγιδχοις
419 2487 552 2542 τοιαῦτα
576 2483 756 2566 ιιαργγνέσιγε
787 2499 1036 2562 unumquemque
1060 2482 1173 2546 dueum
1197 2484 1281 2562 apud
1305 2483 1424 2548 milites

152 2600 226 2648 suos
250 2619 292 2628 -—
322 2585 587 2672 MantineenseS„
608 2588 758 2670 Argivos
787 2588 1003 2653 Athenienses
1035 2627 1074 2634 —-
1105 2589 1294 2654 cohortandi
1326 2587 1425 2654 causa

151 2689 368 2757 contionatum
393 2711 465 2758 esse
490 2690 649 2777 ἐγίγνοντο
672 2694 859 2775 imperfecto
881 2695 962 2760 scite
985 2691 1172 2775 expressum
1192 2695 1270 2759 mihi
1286 2696 1424 2778 videtur,

151 2815 221 2861 cum
238 2803 405 2884 ιταργγνέσιγ
418 2800 539 2865 aoristo
552 2805 714 2881 tamquam
730 2805 850 2882 puncta
862 2800 1093 2866 cohortationis
1106 2803 1424 2882 comprehendantur.

151 2902 501 2987 Plusquamperfeotum
531 2907 675 2973 videmus
699 2908 894 2988 respondere
923 2907 1235 2988 plusquamperfecto
1259 2909 1306 2973 lV
1331 2915 1381 2993 31,
1407 2916 1425 2973 2

151 3008 194 3074 in.
222 3049 258 3058 —
285 3012 332 3076 IV
356 3019 407 3096 31,
438 3019 457 3076 2
486 3014 542 3079 fila
572 3003 632 3078 ὦδε
660 3012 720 3098 γὰρ
748 3013 951 3094 διετετάχατο
979 3053 1019 3060 -
1045 3008 1128 3077 οὕτω
1156 3014 1213 3096 μὲν
1241 3020 1427 3098 τεταγμένοι

153 3105 238 3203 ἦσαν,
263 3119 317 3185 ubi
337 3119 501 3200 praesidia
516 3120 549 3185 in
566 3120 672 3187 Insula
688 3122 778 3203 Pylo,
802 3121 992 3202 priusquam
1003 3122 1079 3186 Cleo
1103 3123 1230 3186 adeam
1248 3123 1426 3206 accederet,

152 3224 216 3290 iam
245 3226 423 3292 constituta
453 3225 555 3293 inisse
579 3228 718 3310 scriptor
739 3235 854 3294 notare
878 3229 957 3294 vult.
1005 3228 1079 3293 Alio
1103 3248 1224 3310 qnoque
1248 3230 1316 3294 loco
1341 3230 1425 3310 plus-

151 3333 423 3414 quamperfectum
447 3335 586 3416 positum
610 3341 661 3400 est
677 3337 705 3399 V
722 3343 764 3401 80
781 3337 824 3401 in.
860 3334 904 3398 At
928 3334 986 3416 μὲν
1010 3335 1146 3400 σπονδαὶ
1162 3335 1216 3398 καὶ
1233 3328 1251 3420 ἡ
1268 3334 1427 3417 ξυμμαχία

152 3433 231 3524 αὕτη
268 3437 439 3527 ἐγεγένητο,
469 3443 582 3523 quims
613 3443 723 3510 verbis
755 3463 793 3508 ea
825 3463 905 3524 quae
935 3425 1154 3508 continentur
1172 3464 1263 3525 capp.
1298 3450 1425 3508 76—79

148 3545 471 3633 'comppchenduntmn
527 3550 597 3615 Hoc
625 3551 693 3615 loco
723 3556 839 3634 antem,
869 3551 901 3614 id
932 3551 1013 3632 quod
1041 3570 1115 3616 raro
1146 3550 1179 3615 in
1207 3570 1296 3616 nsum
1328 3551 1426 3636 uenit,

151 3653 262 3720 verbis
286 3655 548 3722 concludentibus
573 3657 691 3722 similia
714 3677 777 3723 non
801 3659 1015 3739 respondent:
1041 3659 1087 3723 Et
1111 3657 1313 3723 condiclones
1338 3659 1426 3739 pacis

152 3760 286 3843 Argivis
304 3781 323 3827 a
339 3764 604 3830 Lacedaemoniis
628 3766 715 3830 latas
731 3771 765 3830 et
782 3766 969 3832 societatem
986 3785 1145 3831 armorum
1161 3765 1427 3830 Lacedaemoniis

153 3869 194 3932 ab
207 3867 339 3950 Argiuis
352 3870 569 3955 constitutam,
581 3872 766 3953 priusquam
779 3873 1009 3938 diiudicaretur
1020 3877 1127 3936 utrum
1139 3869 1303 3936 reicienda
1315 3876 1427 3936 essent

153 3993 262 4058 necne,
286 3974 349 4041 iam
373 3976 494 4043 litteris
524 3998 680 4060 expressa
707 3979 807 4044 fuisse
832 3978 1036 4062 Thucydides
1061 3975 1223 4062 ἐγεγένητο
1246 3978 1426 4058 plusquam-

153 4083 297 4164 perfecto
320 4083 504 4166 significare
527 4086 669 4152 voluisse
692 4086 769 4158 mihi
792 4086 928 4152 videtur.
1153 4096 1154 4100 ’
1366 4169 1368 4173 .

243 4193 311 4257 Iam
343 4192 498 4258 afferendi
529 4198 606 4260 sunt
628 4193 699 4278 loci,
729 4193 762 4258 in
790 4193 904 4274 quihus
933 4211 1036 4274 pauca
1065 4211 1146 4273 quae
1176 4191 1324 4273 exposita
1353 4197 1428 4256 sunt

153 4299 480 4380 comprehenduntur:
527 4302 578 4365 ΠΙ
618 4307 658 4365 52
702 4303 969 4384 ττροςιτέγιιεει
1013 4297 1054 4362 δὲ
1097 4289 1238 4374 αὐτοῖς
1279 4296 1427 4384 κήρυκα

154 4404 339 4489 λέγοντα,
370 4405 399 4470 εἰ
421 4404 588 4489 βούλονται
611 4406 809 4492 παραδοῦναι
832 4404 887 4491 τὴν
911 4404 1006 4470 πόλιν
1031 4403 1154 4480 ἑκόντες
1176 4415 1245 4480 τοῖς
1268 4403 1427 4468 Λακεδαι-

154 4515 278 4594 μονίοις
307 4514 361 4578 καὶ
394 4514 558 4590 δικασταῖς
587 4511 719 4590 ἐκείνοις
745 4512 940 4601 χρήσασθαι,
969 4510 1044 4588 τούς
1066 4535 1101 4575 τε
1124 4503 1252 4587 α’δίκοος
1274 4509 1426 4589 κολάζειν,

155 4618 243 4706 παρὰ
275 4621 361 4709 δίκην
393 4620 425 4686 δὲ
459 4613 585 4687 oddae·
621 4629 798 4685 τοσαῦτα
829 4619 899 4702 μὲν
929 4613 946 4683 ὁ
975 4617 1094 4706 κῆρυξ
1125 4614 1255 4696 εἶπεν,
1287 4618 1335 4683 IV
1366 4623 1426 4684 106
