3374 5272
808 351 1018 450 ...Al-.-

277 563 378 632 solum
401 563 503 633 verba
526 563 645 650 verbis,
677 567 733 632 sed
764 566 862 632 etiam
895 565 1091 631 sententiae
1108 510 1279 630 senientiis
1309 563 1548 648 opponantur¹).

276 676 456 740 Praeterea
494 673 581 740 aliae
620 691 745 755 quoque
783 673 907 755 figurae
947 672 1136 738 elocutionis
1175 673 1264 740 velut
1303 675 1485 758 οορίσωσις
1518 679 1551 737 et

277 785 500 866 γεορομοίωσις
516 781 600 863 apud
616 779 836 861 Thucydidem
855 779 1015 862 leguntur.
1060 781 1136 846 Huc
1160 778 1330 844 referenda
1354 797 1477 860 quoque
1500 785 1550 844 est

277 891 513 970 παρονομασία,
538 905 633 968 priam
649 887 750 954 variis
767 886 879 953 formis
895 905 1052 970 persaepe
1068 887 1215 969 legimus.
1234 885 1380 971 Stein2)
1396 888 1477 953 haec
1493 906 1548 952 sex

276 1013 397 1075 genera
419 993 666 1076 paronomasiae
690 993 867 1077 congessit:

365 1118 399 1204 a)
422 1118 507 1184 idem
529 1136 645 1184 nomen
668 1117 803 1206 primum
827 1117 1023 1185 affirmative
1046 1118 1159 1185 deiude
1175 1120 1329 1202 negative
1345 1119 1483 1202 positum
1499 1126 1549 1186 est

423 1226 441 1291 I
466 1229 516 1309 74,
542 1231 559 1289 3
584 1216 652 1287 u'rrd
675 1247 709 1287 τε
732 1232 787 1311 της
809 1215 866 1288 οὐκ
890 1217 985 1310 οὔσης
1007 1263 1052 1274 --
1075 1217 1157 1310 ὑπὲρ
1180 1233 1235 1312 τῆς
1259 1275 1266 1288 .
1293 1275 1300 1288 .
1327 1219 1430 1312 οὔσης.

364 1353 399 1437 b)
424 1350 576 1417 adiectivi
607 1349 727 1416 diversi
755 1352 876 1433 gradus
905 1350 990 1416 inter
1016 1369 1050 1416 se
1080 1353 1276 1434 respondent
1298 1352 1351 1416 ΙΙΙ
1377 1357 1417 1416 14
1445 1350 1549 1438 κοινήν

422 1498 466 1508 -
489 1453 678 1543 κοινοτέρον.

369 1583 400 1671 ο)
424 1583 567 1649 eiusdem
594 1581 686 1648 verbi
715 1553 836 1664 'genera
866 1581 952 1647 inter
981 1601 1016 1648 se
1046 1588 1249 1666 opponuntur
1277 1582 1294 1646 I
1319 1588 1370 1666 50,
1396 1588 1414 1646 2
1439 1575 1549 1648 ὁοοῖοι

377 1705 379 1710 ’
424 1689 575 1776 ἐκράτουν
597 1685 616 1778 ἢ
641 1687 836 1776 ἐκρατοῦντο.

365 1819 399 1903 d)
424 1818 535 1883 eadem
565 1817 666 1882 verba
695 1834 765 1880 cum
797 1814 935 1880 diversis
964 1814 1257 1898 praepositionibus
1287 1815 1465 1897 composita
1499 1818 1550 1884 vel

424 1923 560 2005 simplex
568 1927 603 1987 et
610 1921 817 2004 compositum
830 1921 961 1987 interae
974 1926 1176 2005 opponuntur
1184 1923 1201 1986 I
1210 1927 1258 2004 107
1268 1927 1285 1986 2
1296 1920 1551 2010 ξονοικισθείσης

423 2027 549 2104 πόλεως
571 2068 615 2078 -
637 2026 717 2090 κατὰ
742 2025 852 2108 κώμας
875 2026 1086 2114 οἰκισθείσης.

367 2154 399 2240 e)
424 2157 657 2220 contrariorum
688 2154 899 2218 membrorum
930 2152 1040 2219 verbis
1072 2153 1156 2219 idem
1188 2154 1376 2221 adverbium
1407 2157 1549 2222 additum

319 2273 324 2287 ’
424 2267 476 2326 est
510 2265 565 2326 aut
600 2261 711 2326 eadem
746 2259 943 2342 praepositio
978 2261 995 2324 Ι
1031 2267 1087 2344 39,
1122 2267 1140 2324 2
1177 2253 1214 2324 od
1249 2261 1435 2343 ξυμμαχεῖν,
1471 2254 1550 2326 dita

361 2415 363 2419 -
426 2365 607 2444 ξυναόικεῖν.

366 2492 397 2578 f)
421 2497 593 2576 praeterea
623 2492 709 2557 haud
739 2469 843 2574 pauca
873 2495 966 2574 sunt,
1000 2510 1081 2573 quae
1111 2493 1173 2559 hue
1201 2493 1316 2558 referri
1340 2499 1489 2577 possunt:
1517 2494 1552 2558 ΙΙ

424 2606 477 2684 40,
504 2607 519 2664 1
547 2598 779 2686 ηιλοκαλσῦμεν
803 2636 844 2644 -
871 2598 1122 2686 φιλοσοφσῦμεν,
1148 2601 1201 2664 ΙΙΙ
1224 2607 1276 2684 89,
1301 2607 1320 2664 8
1344 2591 1489 2685 εὐσεβείᾳ
1509 2638 1550 2646 -

426 2698 611 2792 εὐπρεπείᾳ.

293 2829 295 2832 ’
367 2832 489 2897 Contra
524 2820 758 2895 sententiarum
792 2829 914 2912 figuras
949 2829 1039 2896 velut
1073 2828 1220 2912 ironiam,
1254 2828 1551 2913 interrogationem,

278 2956 453 3020 oxymcron
484 2937 569 3018 apud
593 2935 813 3017 Thucydidem
842 2953 975 3017 perraro
1003 2934 1144 3001 inveniri
1175 2935 1287 3000 mirum
1311 2955 1374 3001 non
1397 2941 1458 3020 est,
1483 2956 1551 3002 cum

277 3063 397 3128 magna
412 3041 562 3126 gravitas
579 3047 677 3124 atque
693 3041 925 3126 tranquillitas,
942 3060 1006 3124 qua
1023 3041 1198 3123 scriptores
1215 3041 1407 3123 antiquioris
1423 3043 1551 3126 generis

278 3150 405 3217 dicendi
439 3168 537 3232 opera
569 3167 628 3213 sua
660 3147 883 3232 conficiebant,
914 3148 970 3213 vix
1000 3147 1076 3213 illas
1107 3148 1228 3230 figuras
1262 3147 1470 3233 admiserit³).
1517 3149 1552 3214 Si

279 3263 450 3342 praeterea
470 3255 749 3321 observaverimus
766 3253 798 3319 in
816 3254 1025 3339 orationibus,
1043 3274 1175 3337 qrrarum
1193 3256 1397 3336 Thucydides
1415 3257 1550 3336 quadra-

279 3365 372 3447 ginta
406 3381 501 3428 unam
536 3361 626 3444 operi
661 3381 716 3427 suc
751 3361 899 3445 inseruit,
934 3383 974 3428 ex
1009 3362 1123 3442 quibus
1158 3361 1298 3427 maxima
1332 3379 1409 3443 pars
1442 3361 1551 3444 generi

280 3470 492 3537 deliberativo
532 3469 725 3535 ascribenda
759 3473 820 3553 est,
855 3468 976 3534 lumina
1009 3469 1068 3534 illa
1102 3470 1258 3534 orationis
1293 3469 1439 3551 plurimis
1473 3468 1551 3533 locis

279 3597 397 3660 magna
420 3595 489 3641 cum
513 3581 585 3641 arte
608 3580 765 3658 usurpata
789 3581 822 3641 et
846 3575 1008 3642 orationes
1031 3575 1121 3658 ipses
1146 3576 1274 3658 saepius
1296 3575 1470 3660 artificiose
1487 3575 1550 3640 dis-

279 3672 403 3766 positas
427 3701 499 3748 esse
516 3681 665 3767 (Dionys.
692 3683 731 3747 de
748 3683 847 3748 Thuc.
873 3703 899 3748 c.
926 3687 969 3747 34
992 3691 1056 3745 τσο
1080 3680 1276 3768 δημηγοριῶν
1300 3678 1332 3746 ἐν
1356 3679 1408 3757 οἷς
1432 3678 1553 3744 οἴονταί

279 3813 363 3866 τινες
385 3788 441 3875 τὴν
464 3781 564 3873 ἄκρον
588 3797 644 3852 τοῦ
668 3793 879 3876 συγγραφέως
895 3786 976 3853 εἶναι
998 3787 1152 3875 δύναμιν),
1169 3788 1342 3871 apparebit
1357 3786 1554 3869 Thucydidis

279 3895 488 3964 elocutionem
519 3914 555 3960 re
585 3915 665 3962 vera
695 3895 889 3962 rhetoricam
918 3895 1077 3962 nominari
1106 3885 1240 3980 pessel),
1268 3895 1459 3978 praesertim
1485 3912 1553 3959 cum

369 4109 390 4176 ι)
410 4109 444 4162 cf.
464 4109 613 4174 Becker,
634 4107 666 4162 de
686 4107 867 4176 sophistarum
892 4108 993 4162 artium
1019 4107 1146 4176 vestigiis
1175 4107 1246 4174 apud
1274 4106 1459 4172 Thucydidem
1483 4106 1553 4170 diss,

278 4199 367 4254 Berol.
388 4200 465 4252 1864.

367 4287 389 4354 2)
409 4287 442 4340 de
461 4285 612 4354 figurarum
631 4287 702 4353 apud
721 4286 906 4353 Thucydidem
925 4302 984 4351 usu,
1004 4285 1132 4339 Coloniae
1150 4286 1217 4352 Agr.
1239 4287 1315 4338 1881.

367 4375 389 4442 ³)
409 4375 442 4429 ct.
461 4373 563 4439 Both,
586 4374 619 4428 de
637 4374 814 4442 Antiphontis
835 4380 863 4427 et
882 4373 1049 4441 Thucydidis
1069 4389 1168 4443 genere
1192 4373 1299 4428 dicendi
1318 4372 1390 4438 diss,
1410 4372 1553 4440 Marpurgi

279 4465 421 4520 Cattorum
442 4463 518 4518 1875.

366 4553 389 4622 4)
409 4554 443 4608 cf.
457 4569 526 4621 quae
538 4553 651 4619 Eleas,
671 4553 714 4606 die
727 4541 855 4606 Attische
868 4551 1076 4608 Beredsamlreit
1088 4552 1114 4604 12
1125 4568 1170 4622 pg.
1183 4552 1326 4605 ner-244
1341 4549 1374 4603 de
1388 4549 1553 4604 orationibus

278 4640 461 4710 Thucydidcis
479 4639 616 4696 disseruit.
