3374 5272
136 571 231 636 ritam
248 571 520 653 promerebatur:
553 576 632 637 tam
663 570 729 636 diu
759 570 931 637 Saturnius
968 571 1138 653 plurimum
1169 569 1285 652 potuit,
1318 586 1410 650 quiam

136 676 190 742 din
214 678 343 742 easdem
366 675 441 741 illas
465 675 695 742 frumentarias
719 676 911 759 largitiones
931 683 965 742 ct
988 677 1061 760 agri
1084 675 1259 742 divisiones
1282 675 1411 756 pollice·
1455 692 1457 698 ’

135 784 242 848 batur.
268 783 307 848 cf.
324 785 415 848 Dem.
433 783 544 847 Chare.
566 803 596 864 p.
617 789 678 848 th'
704 775 772 846 οὐκ
795 782 839 870 ἠν
860 775 1045 870 ἀσφαλές
1068 783 1200 866 λέγειν
1223 785 1256 846 έν
1273 771 1411 864 λλλίνθφ

137 888 176 953 τὰ
194 890 358 954 Φιλίανιου
381 887 424 975 μὴ
446 888 757 953 ουνευιτεντονθότων
773 899 837 954 των
853 890 979 954 ιιολλων
995 876 1163 955 λλλυνθίων
1178 897 1225 974 τῷ
1241 886 1414 952 Ποτίδαιαν

137 1001 360 1082 καρποῦσθαι·
405 988 471 1060 οὐκ
495 985 535 1083 ἧν
564 988 742 1084 οἷοφαλές
773 998 906 1082 λέγειν
937 995 969 1062 έν
1001 998 1154 1083 Θετταλίᾳ
1183 994 1223 1060 τὰ
1249 995 1413 1059 ostream

137 1102 180 1188 μὴ
207 1101 514 1180 συνευιιειτονθότος
534 1113 591 1168 τοῦ
620 1103 768 1190 πλήθους
794 1113 863 1194 τιῦν
885 1105 1055 1184 θετταλιῦν
1075 1113 1122 1190 τῷ
1150 1102 1224 1180 τοὺς
1247 1102 1415 1190 τυράννους

139 1207 279 1293 ἐκβαλεῖν
310 1210 473 1274 Φίλιππον
497 1202 684 1286 αὐτοῖςκαὶ
711 1210 767 1296 τὴν
788 1211 937 1276 ’πυλαίαν
965 1203 1150 1276 α’ττοέοῦναι.
1205 1203 1247 1275 ου’
1255 1235 1273 1274 κ
1301 1199 1345 1297 ἦν
1376 1207 1414 1274 έν

140 1314 286 1402 ¹(aristote
314 1308 468 1402 είσφαλέ
476 1342 505 1393 ς,
540 1318 617 1403 τιρὶν
647 1316 702 1403 τὴν
731 1317 892 1383 Βοιωτιοίν
920 1311 1067 1383 αἷιτέόωκε
1097 1317 1150 1381 καὶ
1181 1317 1254 1394 τοὺς
1286 1322 1415 1393 Φωκέας
1491 1337 1493 1339 ’

137 1419 268 1488 οἷνεῑλεν.
316 1425 407 1490 Ovid.
456 1427 533 1490 Met.
558 1425 575 1488 I
599 1431 661 1490 325
681 1445 725 1507 sq.
1477 1425 1481 1435 ’

245 1533 294 1598 Et
319 1537 533 1612 superesse
557 1533 660 1598 virum
685 1534 730 1597 de
753 1538 817 1599 tot
839 1535 950 1598 modo
974 1533 1142 1599 milibus
1166 1552 1270 1616 unum,

244 1640 299 1704 Et
322 1629 540 1720 superesse
563 1640 680 1705 videt
704 1642 748 1705 de
771 1645 833 1706 tot
855 1642 962 1707 modo
985 1639 1149 1706 milibus
1172 1659 1278 1706 unam.

228 1745 478 1826 Epauaphoram
507 1766 576 1810 cum
606 1745 672 1812 alia
695 1746 799 1829 figura
824 1748 973 1830 coniungi
998 1767 1092 1830 posse
1116 1747 1285 1814 adnotavit
1309 1748 1414 1812 Schol.

141 1853 181 1917 ad
205 1853 243 1916 ll.
268 1854 301 1918 ll
327 1857 404 1917 382:

251 1947 292 2022 εὖ
316 1963 374 2040 μέν
397 1983 446 2034 τις
469 1959 542 2043 ὄόρυ
561 1959 772 2045 θηξάσθω,
798 1950 835 2024 εί
861 1953 888 2024 δ’
912 1954 1036 2026 deraldo
1052 1966 1212 2034 θέσθω·

140 2062 196 2127 δύο
217 2064 250 2128 δὲ·
273 2065 440 2142 συνέιτλεξε
464 2067 618 2152 σχήματα,
645 2060 883 2148 ομοιοτέλευτον
906 2069 960 2132 καὶ
984 2067 1201 2156 έιταναφοροίν.

229 2173 420 2254 Exemplum
455 2175 680 2256 epanaphorae
716 2195 785 2241 enm
817 2177 922 2258 figura
958 2177 1142 2242 sententiae
1178 2174 1310 2261 (ironia)
1343 2195 1416 2240 con-

141 2281 271 2346 iunctae
295 2281 407 2346 attulit
439 2281 558 2362 Aquila
570 2284 736 2348 ‘Romanus
761 2283 887 2368 (Halm
911 2304 941 2365 p.
968 2283 1038 2369 29):
1064 2284 1128 2368 ‘ille
1148 2289 1273 2350 amator
1290 2283 1417 2366 patriae

142 2387 303 2471 egregins,
321 2388 375 2452 ille
392 2389 440 2453 rei
456 2389 604 2470 publicae
621 2395 739 2473 costae,
763 2390 817 2455 ille
842 2391 991 2456 defensor
1009 2392 1174 2478 libertatis
1199 2411 1237 2457 ac
1252 2392 1367 2474 legum’
1384 2395 1418 2456 et

142 2494 181 2558 de
204 2494 264 2558 tali
288 2495 509 2560 coniunctione
532 2496 613 2560 haec
636 2495 806 2561 disseruit:
832 2498 918 2580 ‘Cum
942 2498 1001 2562 hoc
1018 2499 1057 2562 de
1074 2517 1110 2563 eo
1135 2497 1271 2582 dicatur,
1302 2500 1341 2564 de
1358 2517 1417 2579 quo

141 2601 306 2666 contraria
329 2601 477 2684 intellegi
500 2603 655 2687 volumus,
679 2611 713 2668 et
729 2603 832 2669 ironia
852 2610 913 2688 est,
938 2624 1018 2686 quae
1034 2606 1140 2687 figura
1157 2606 1339 2672 sentcntiae
1355 2611 1416 2689 est,

141 2712 175 2772 et
198 2709 413 2792 epanaphora,
438 2712 477 2774 de
501 2731 563 2791 qua
587 2729 655 2775 oum
685 2712 823 2777 maxime
849 2711 999 2795 diximus,
1024 2732 1105 2794 quae
1134 2718 1187 2778 est
1209 2713 1417 2779 elocutionis!

231 2815 276 2879 Ut
299 2835 407 2881 omnes
431 2817 623 2882 locutionum
641 2818 876 2900 duplicationes
893 2823 926 2883 et
949 2818 1139 2884 iterationes
1156 2819 1305 2885 affectum
1322 2838 1417 2901 quen-

142 2919 226 2986 dam
245 2921 427 3014 exprimunt
451 2922 542 3008 (Aps.
572 2945 601 3004 p.
627 2930 691 2990 460
720 2924 833 3000 ντοίθος
860 2934 1009 2989 motorium·
1034 2925 1064 2988 oi
1088 2925 1346 3011 ὁιντλασιαομοί),
1370 2927 1418 2992 ita

141 3027 347 3108 epanaphora
376 3031 417 3096 ad
446 3033 621 3096 ornandam
649 3037 683 3096 et
706 3033 798 3113 quasi
822 3033 863 3097 ad
891 3031 1084 3114 pingendam
1112 3037 1209 3114 atque
1237 3035 1417 3116 augendam
1491 3035 1520 3064 ²

142 3135 319 3200 orationem
349 3137 403 3202 vel
434 3137 571 3202 maxime
604 3135 844 3204 accommodata
874 3139 1010 3205 videtur.
1067 3141 1162 3205 Hanc
1191 3142 1417 3222 epanaphorae

142 3241 334 3323 peculiarem
363 3243 428 3309 vim
457 3231 635 3326 complures
663 3246 809 3311 rhetores
839 3250 968 3312 veteres
993 3250 1027 3311 et
1048 3245 1245 3328 interpretes
1269 3247 1418 3330 designa·

142 3353 271 3414 verunt:
296 3350 490 3416 Eusthatius
515 3352 555 3416 ad
571 3353 610 3417 Il.
629 3353 657 3417 V
682 3357 743 3418 740
766 3331 991 3434 epanaphorae
1012 3353 1147 3436 figuram
1171 3355 1417 3435 pulcherrimam

144 3475 217 3520 esse
241 3457 377 3522 adnotat
400 3463 433 3522 et
449 3458 633 3524 Demetrius
657 3460 769 3524 rhetor
791 3459 901 3526 verbis
925 3479 983 3541 per
1006 3461 1245 3541 epanaphoram
1269 3461 1417 3543 repetitis

144 3568 348 3629 venustatem
372 3565 441 3631 sive
464 3565 606 3646 gratiam
630 3567 787 3654 contineri
812 3566 907 3632 dicit:
939 3565 1182 3651 Χαριεντίζεται
1205 3567 1238 3630 ὄέ
1261 3591 1341 3630 ποτε
1364 3569 1417 3631 καὶ
1508 3597 1511 3605 ·

145 3666 179 3745 ἐξ
198 3661 373 3757 ἅναφορᾶς,
405 3665 448 3748 ὡς
476 3669 532 3736 ἐντὶ
561 3680 618 3736 τοῦ
640 3665 806 3758 Ἑσπέρου,
825 3667 976 3759 ‘hottepe
1006 3673 1113 3737 ruciaco
1138 3679 1293 3760 φέρεις,
1326 3679 1415 3761 φησί,

146 3782 277 3865 φέρεις
301 3773 359 3858 ὄϊν,
385 3785 522 3868 φέρεις
546 3777 630 3863 αἶγα,
658 3785 795 3867 φέρεις
817 3785 931 3864 ματέρι
955 3780 1065 3844 recido.
1113 3781 1167 3844 καὶ
1190 3773 1250 3865 γὰρ
1274 3777 1417 3845 ἐνταῦθα

146 3878 274 3973 ἡχυίρις
298 3885 383 3951 ἐστὶν
407 3885 440 3952 έκ
462 3896 518 3975 τῆς
540 3887 654 3964 λέξειας
682 3896 738 3974 τῆς
762 3891 897 3974 φέρεις
921 3885 977 3951 ἐπὶ
1000 3885 1037 3950 τὸ
1061 3878 1139 3951 αὐτὸ
1170 3879 1415 3975 ἀναφερομένης.

143 3995 210 4058 Α111
232 3995 379 4060 rhetores
408 3995 616 4060 acrimoniam
640 4002 674 4060 et
696 3995 896 4077 gravitatem
918 3995 1144 4077 epanaphorae
1168 3994 1274 4059 inesse
1297 3993 1417 4062 iudica·

143 4107 268 4184 uerunt,
292 4101 382 4167 velut
405 4101 555 4168 Tiberius
580 4101 768 4187 (Spengel
792 4103 853 4168 vol.
870 4102 923 4166 ΠΙ
945 4122 975 4183 p.
995 4101 1051 4185 72)
1075 4098 1231 4187 ἐνέργειαν
1253 4099 1290 4164 τὸ
1314 4110 1417 4189 σχῆμα

142 4208 196 4270 καὶ
225 4205 432 4294 λαμπρότητα
462 4203 670 4294 ἐνεργάζεται.
729 4208 838 4292 Quint.
868 4210 919 4274 IX
951 4214 980 4292 3,
1010 4214 1065 4274 30:
1101 4211 1151 4293 ‘ab
1178 4208 1280 4276 isdem
1307 4208 1416 4276 Verbis

141 4316 235 4397 plura
259 4315 379 4381 acriter
402 4319 436 4381 et
458 4315 622 4382 instanter
644 4316 804 4398 incipiunt
826 4335 853 4380 e.
878 4335 926 4398 gr.
952 4316 1017 4382 Cic.
1035 4317 1107 4382 Cat.
1132 4316 1200 4400 19,
1226 4321 1241 4380 1
1267 4315 1416 4380 nihilne

142 4427 176 4488 te
199 4427 387 4487 nocturnum
410 4423 606 4504 praesidium
625 4422 757 4507 Palatii,
781 4422 889 4488 nihil
917 4421 1007 4489 urbis
1031 4422 1173 4506 vigiliae,
1197 4421 1297 4488 nihil
1321 4422 1416 4487 timor

143 4528 259 4612 populi,
288 4527 398 4604 nihil
422 4549 596 4594 consensus
624 4531 777 4595 bonorum
809 4529 956 4611 omnium,
984 4527 1086 4594 nihil
1110 4527 1162 4593 hic
1184 4527 1416 4594 munitissimus

142 4635 282 4701 habendi
321 4640 453 4702 senatus
487 4635 591 4726 locus
632 4635 737 4700 nihil
770 4636 881 4701 horum
921 4655 978 4701 ora
1011 4635 1183 4716 vultusque
1219 4633 1416 4701 moverunti'
