3374 5272
688 377 900 470 „L

556 587 586 649 b.
623 584 726 665 apud
758 583 1028 664 Thucydidem

153 693 332 774 exemplum
356 690 562 773 repetitionis
586 689 863 758 substantivorum
888 709 951 754 neu
974 687 1148 756 invenitur.

553 883 580 956 2.
603 882 794 974 epanaphora
816 884 1030 958 adisctvuum.

584 1031 613 1076 u.
638 1011 737 1091 apud
760 1011 1002 1078 Herodotum.

198 1140 213 1203 Ι
238 1145 278 1202 32
304 1135 336 1200 ἐν
364 1135 424 1220 γὰρ
452 1144 496 1220 τη]
526 1143 636 1220 μακρή]
663 1133 764 1220 χρόνῳ
794 1135 917 1199 πολλὰ
945 1136 1011 1217 μέν
1040 1133 1109 1200 ἐστι
1138 1134 1225 1214 ἰδεῖν,
1250 1134 1290 1198 τὰ
1313 1133 1357 1220 μή
1381 1159 1430 1210 τις

288 1241 404 1321 ἐθέλει,
430 1241 558 1306 πολλὰ
583 1241 697 1305 δὲκαὶ
721 1247 845 1306 παίλεῖν

198 1352 213 1416 Ι
239 1357 277 1415 71
304 1339 541 1435 στρατεύεσθαι
565 1346 830 1433 παρασκευάζεαι,
862 1351 892 1412 οἳ
920 1353 1109 1426 σκυτίνας
1136 1349 1205 1432 μὲν
1233 1340 1428 1434 ἀναξυρίδας,

286 1460 468 1542 σκυτίνην
493 1455 531 1520 δέ
555 1454 609 1541 τήν
632 1448 726 1541 ἄλλην
750 1452 876 1543 ἐσθῆτα
901 1460 1054 1543 φορέουσι

198 1565 213 1630 Ι
240 1571 301 1630 103
330 1564 383 1627 καλ
412 1560 568 1648 πρῶτός
595 1586 630 1626 τε
659 1559 781 1642 ἐλόχισε
810 1561 890 1626 κατὰ
920 1562 1011 1627 τέλεα
1039 1561 1116 1640 τοός
1144 1561 1176 1628 ἐν
1199 1572 1237 1650 τῇ
1255 1555 1351 1648 Ἀσίη,
1376 1562 1430 1626 καὶ

286 1677 443 1755 πρῶτος
466 1668 588 1746 διέταξε

198 1779 232 1842 Π
258 1785 319 1842 174
343 1774 465 1840 πολλὰ
494 1776 560 1858 μέν
588 1774 629 1860 δὴ
658 1777 724 1839 καὶ
749 1769 894 1862 ἡλίσκετο
921 1767 986 1840 διιό
1010 1784 1074 1840 τῶν
1097 1778 1267 1863 μαντηίων,
1299 1774 1428 1840 πολλὰ

286 1883 305 1947 δ
312 1883 326 1948 ὲ
350 1884 411 1947 καὶ
436 1874 663 1969 α’ποτγεόγεσκε

199 1993 227 2056 V
252 1997 292 2056 23
315 1989 368 2055 ἵνα
383 2029 428 2038 —-
443 2029 487 2038 -
503 1985 612 2072 όμιλός
635 2014 670 2054 τε
693 1988 838 2066 πολλός
860 1985 1055 2078 μὲνἝλλην
1079 1997 1262 2077 περιοικέει,
1287 1989 1432 2067 πολλός

287 2097 320 2160 δὲ
343 2096 501 2182 βάρβαρος

198 2205 245 2270 VI
271 2211 332 2270 112
357 2213 511 2289 πρωτοι
535 2204 606 2285 μὲν
629 2202 690 2290 γὰρ
711 2197 865 2288 Ἑλλήνων
889 2203 1019 2270 πάντων
1035 2214 1098 2270 των
1115 2199 1205 2289 ήμεῑς
1220 2203 1309 2286 ’ίδμεν
1324 2203 1430 2290 δρόμῳ

287 2307 319 2386 ἐς
355 2311 528 2392 πολεμίους
563 2308 743 2396 ἐχρήσαντο,
782 2320 939 2395 πρῶτοι
971 2311 1011 2375 δέ
1041 2303 1210 2393 ἇνέσχοντο
1240 2310 1364 2399 ἐσθήτό
1396 2336 1430 2377 τε

286 2415 426 2504 Μηδικήν
449 2411 591 2502 ὁρέοντες
613 2419 666 2481 καὶ
690 2417 764 2494 τοὺς
786 2411 902 2502 ἄνδρας
925 2418 1041 2504 ταύτην
1065 2416 1263 2506 ἐσθημένους

199 2525 280 2591 VIII
306 2531 345 2589 16
370 2524 519 2588 πολλαὶ
542 2524 608 2606 μὲν
632 2523 673 2611 δή
696 2534 759 2589 τεῦν
774 2517 929 2609 Ἑλλήνων
945 2530 1012 2601 νέες
1027 2526 1264 2613 διεφθείροντο,
1289 2526 1429 2590 πολλοὶ

286 2630 325 2694 δέ
348 2623 458 2716 δνδρες
1394 2717 1396 2721 Α

198 2738 247 2803 IX
271 2743 310 2802 41
337 2734 418 2818 ἐχειν
447 2737 507 2823 γὰρ
532 2736 646 2823 χρυσόν
669 2736 813 2804 πολλόν
839 2737 906 2820 μὲν
923 2736 1097 2825 ἐπίσημον,
1126 2738 1278 2805 πολλόν
1308 2738 1349 2803 δὲ
1376 2739 1429 2804 καὶ

286 2835 418 2930 ἐίσημον,
444 2843 582 2912 πολλόν
605 2844 642 2908 δέ
665 2845 719 2909 καὶ
742 2838 878 2931 ἄργυρόν
901 2869 936 2909 τε
959 2846 1013 2909 καὶ
1038 2843 1214 2928 ἐκπώματα

198 2952 247 3016 IX
272 2958 311 3016 79
336 2943 464 3037 δποχρή
487 2952 519 3016 δέ
541 2976 598 3034 μοι
614 2951 833 3039 Σπαρτιήτῃσι
853 2943 1065 3038 ἅρεσκόμενον
1089 2948 1178 3018 όσια
1200 2978 1223 3035 μ
1232 2952 1270 3017 ἐν
1294 2956 1427 3030 ποιέειν,

286 3053 377 3123 όσια
401 3057 516 3122 δὲκαὶ
539 3059 641 3144 λέγειν

198 3166 248 3231 IX
264 3172 306 3231 80
323 3162 466 3229 ἐνθαῦτα
482 3164 608 3229 πολλὰ
624 3165 694 3247 μὲν
709 3165 898 3242 κλέπτοντες
914 3163 1055 3230 ἐπώλεον
1071 3165 1153 3252 πρὸς
1167 3166 1241 3244 τοὺς
1253 3164 1428 3252 Αἰγινήτας

286 3271 316 3337 οἱ
341 3271 477 3350 εἵλωτες,
502 3271 627 3337 πολλὰ
656 3272 693 3337 δέ·
721 3273 775 3337 καὶ
797 3265 1036 3351 α’πεδείκνυσαν,
1068 3268 1129 3337 όσα
1156 3265 1262 3338 αότιῦν
1292 3265 1346 3338 οδκ
1375 3270 1407 3336 οἷ
1420 3271 1427 3291 ’

286 3367 525 3466 wfflmw

197 3487 248 3552 IX
282 3493 342 3552 122
378 3486 443 3551 εἰσὶ
478 3485 510 3550 δὲ
538 3486 687 3550 πολλαὶ
725 3487 800 3569 μέν
834 3479 1064 3572 δστυγείτονες,
1101 3488 1250 3552 πολλαὶ
1285 3488 1326 3552 δὲ
1355 3488 1426 3551 καὶ

286 3591 454 3679 ἑκαστέρω,
487 3602 551 3658 τῶν
577 3598 653 3675 μίαν
680 3593 809 3675 σχόντες
836 3595 951 3660 πλέοσι
979 3592 1125 3677 ἐσόμεθα
1148 3593 1424 3681 θωυμαστότεροι.

549 3775 580 3838 b.
605 3775 712 3856 apud
735 3773 1025 3856 Thucydidem.

195 3898 212 3963 I
235 3903 277 3963 49
302 3895 473 3973 πολλοὺς
495 3897 565 3980 μὲν
588 3890 723 3975 ὁπλίτας
746 3896 869 3980 ἔχοντες
892 3890 1072 3986 ἀμφότεροι
1088 3896 1144 3965 ἐπὶ
1160 3907 1224 3964 τεῦν
1239 3920 1423 3985 καταστρω-

283 4002 404 4086 μάτων,
428 4003 598 4081 πολλοδς
621 4004 661 4069 δὲ
683 4004 815 4083 τοξότας
837 4029 872 4069 τε
895 4007 950 4069 καί
972 3997 1164 4083 α’κοντιστός

194 4113 228 4178 II
253 4119 272 4177 8
297 4109 369 4175 τότε
400 4109 432 4174 δὲ
464 4111 518 4176 καὶ
548 4110 655 4197 νεότης
686 4111 808 4198 πολλή
834 4111 907 4194 Ιμὲν
939 4101 1018 4178 οὖσα
1047 4111 1080 4178 ἐν
1110 4121 1149 4200 τῇ
1180 4112 1422 4200 Πελοποννήσῳ,

283 4215 409 4303 πολλή
433 4217 473 4282 δέ
496 4215 528 4283 ἐν
551 4228 623 4295 ταῖς
635 4210 786 4306 Ἀθήναις

194 4327 229 4392 Π
253 4333 272 4391 8
296 4324 495 4388 καὶπολλὰ
518 4325 592 4408 μὲν
614 4325 707 4412 λόγια
730 4323 881 4411 ἐλέγοντο,
906 4324 1027 4391 πολλὰ
1051 4326 1089 4390 δὲ
1109 4326 1321 4414 χρησμολόγοι
1349 4315 1423 4414 ᾖδον

194 4433 259 4498 VII
292 4437 334 4498 24
363 4425 421 4496 ἅτε
455 4430 516 4518 γὰρ
543 4437 679 4519 ταμιείηι
704 4437 875 4519 χρωμένων
906 4441 971 4498 τῶν
995 4424 1172 4520 Ἀθηναίων
1204 4443 1272 4511 τοῖς
1304 4438 1422 4516 τείχεσι

283 4537 409 4602 πολλὰ
432 4538 502 4620 μὲν
526 4537 675 4627 ἐμπόρων
694 4537 841 4627 χρήματα
864 4541 918 4604 καὶ
941 4550 1030 4616 σῖτος
1052 4536 1130 4628 ἐνήν,
1155 4539 1282 4606 πολλοὶ
1307 4540 1422 4612 δὲκαὶ

283 4644 477 4734 τριηράρχων
