3374 5272
581 393 583 400 ·
672 350 882 444 -AL

140 557 259 644 inveni,
283 560 316 625 in
348 559 462 642 quibus
487 559 653 641 apodosim
681 566 824 642 tempore
854 559 1008 641 protasim
1040 559 1129 641 sequi
1160 556 1308 624 ἐνθεῦτεν
1339 575 1416 626 noae
1499 639 1504 654 Ι

141 667 357 751 significatur:
390 669 407 732 Ι
433 671 472 732 75
498 657 541 742 ὦς
565 665 598 730 δὲ
621 657 758 731 α’πίκετο
782 663 837 731 ἐπὶ
861 664 916 732 τὸν
932 660 1020 731 Ἅλυν
1048 663 1195 748 ποταμὸν
1225 659 1242 730 δ
1271 675 1415 752 Κροῖσος,

139 773 184 840 τὸ
208 771 416 851 ἐνθεῦτεν,
443 765 486 849 ὡς
507 773 565 854 μὲν
589 771 650 858 ἒγῶ
672 774 763 858 λέγω,
788 772 867 838 κατὰ
892 771 951 850 τὰς
974 770 1086 852 ἐούσας
1102 772 1243 861 γεφύρας
1258 773 1417 857 διεβίβασε

141 881 197 946 τὸν
215 879 350 968 στρατόν
365 886 399 947 et
415 881 480 946 VH
499 885 570 946 146.
596 880 635 946 cf.
653 881 670 945 Ι
696 887 757 946 162
782 880 852 966 (ubi
874 881 1010 964 legimus
1034 875 1115 958 δκιος
1130 921 1174 932 -
1189 879 1226 946 τὸ
1243 879 1416 968 ἐνθεῦτεν),
1434 863 1438 871 ’

141 989 189 1054 VI
215 994 263 1054 14.

513 1149 562 1233 ὡς
586 1151 714 1244 (dacor)
738 1196 781 1204 -
804 1167 1039 1244 τηνικαῦτα.

229 1337 280 1402 IX
302 1341 346 1402 44
369 1328 413 1412 ῶς
435 1335 468 1400 δὲ
491 1334 604 1421 πρόσω
633 1343 688 1424 τῆς
711 1334 820 1412 νυκτὸς
850 1335 1046 1424 προελήλατο
1071 1375 1111 1384 -
1136 1373 1179 1382 -
1202 1329 1418 1424 τηνικαῦτα

141 1442 339 1530 προςελοίσας
353 1482 392 1490 -—
408 1482 447 1490 -
461 1440 582 1529 ἐδίζητο
598 1452 684 1507 τοῖσι
700 1452 906 1530 στρατηγοῖσι
923 1441 955 1520 ἐς
970 1441 1082 1528 λόγους
1097 1441 1215 1508 ἐλθεῖν.
1251 1445 1419 1511 Particula
1516 1430 1517 1439 λ

141 1559 310 1636 τηνικαῦτα
338 1550 398 1616 hoo
413 1551 493 1616 =looo
524 1549 647 1633 aliquid
675 1555 806 1632 praeter
833 1551 1107 1633 exspectationem
1136 1550 1207 1617 fiori
1238 1551 1418 1633 exprimere

140 1657 220 1723 mihi
243 1657 379 1724 videtur.

229 1764 246 1828 I
272 1770 310 1829 17
335 1757 417 1840 ὅκως
438 1763 496 1848 μὲν
519 1761 567 1850 ε’ίη
591 1762 623 1829 ἐν
646 1773 684 1850 τῇ
703 1772 744 1852 γῇ
758 1763 880 1848 καρπὸς
901 1757 1004 1851 ἁδρὸς,
1029 1773 1253 1854 τηνικαῦτα
1276 1762 1418 1860 ἒςὲβαλλε

141 1867 197 1956 τὴν
231 1868 389 1956 στρατιήν.
444 1871 632 1937 Coniunctio
669 1865 751 1947 δκως
783 1890 846 1936 non
875 1870 940 1937 nisi
974 1854 1060 1954 apud
1092 1871 1267 1954 scriptores
1297 1871 1418 1938 ionioos

141 1977 304 2044 iuvenitur
332 1984 367 2043 et
397 1978 482 2060 apud
510 1977 709 2044 Herodotum
737 1977 827 2044 velut
856 1978 877 2043 1.
906 1978 928 2042 l.
959 1974 1089 2062 saepius
1117 1979 1229 2044 eadem
1259 1978 1292 2044 vi
1323 1984 1419 2059 atque
1513 2060 1515 2064 ι

142 2076 240 2148 ὁπότε
257 2083 437 2150 adhibetur.
466 2093 641 2170 Τηνικαστα
657 2084 854 2168 adverbium,
871 2101 954 2166 quae
970 2084 1045 2151 inde
1060 2087 1102 2156 ab
1116 2085 1280 2150 Herodoto
1295 2085 1420 2151 usitata

141 2191 245 2256 forma
258 2195 310 2256 est
322 2209 379 2273 pro
391 2191 570 2257 vetustiore
586 2195 705 2278 τηνίκα,
718 2191 906 2275 plerumque
922 2177 1059 2273 positum
1076 2191 1221 2258 videmus
1237 2191 1270 2255 in
1287 2191 1419 2274 apodosi

140 2296 302 2362 enuntiati
329 2297 517 2380 temporalis
546 2317 617 2364 eum
645 2300 686 2364 ad
712 2297 810 2388 finem
835 2304 957 2364 utnon
986 2289 1086 2364 solum
1110 2298 1316 2363 antecedenti
1347 2317 1419 2362 oon·

140 2403 296 2470 iunctioni
319 2405 514 2486 respondeat
537 2406 594 2471 sed
626 2395 724 2470 etiam
755 2404 876 2486 aliquid
906 2410 995 2471 certo
1025 2410 1168 2487 tempore
1197 2403 1318 2470 factum
1347 2423 1420 2470 esse

142 2511 276 2578 indioet.
947 2531 949 2536 ’

515 2678 615 2758 ἐπεὶ,
642 2678 777 2768 ἐπειδή
801 2719 843 2727 -
867 2675 965 2746 οὕτω
989 2679 1039 2766 δή.

231 2858 416 2924 Particulae
445 2851 528 2923 οὕτω
560 2856 596 2945 δὴ
628 2858 774 2924 omnibus
806 2859 874 2925 fere
898 2858 987 2941 louis
1020 2857 1135 2940 quibus
1166 2863 1241 2940 post
1263 2858 1421 2940 protasim

142 2964 363 3031 ooniunotione
384 2962 456 3028 ἐπεὶ
479 2964 548 3031 sive
572 2962 682 3052 ἐπειδὴ
705 2965 877 3032 formatam
901 2965 1026 3032 initium
1051 2965 1201 3051 apodosis
1226 2964 1420 3049 significant,

143 3087 296 3153 eaquae
326 3071 452 3154 protasi
471 3071 659 3136 afferuntur
691 3072 958 3154 comprehendere
993 3071 1155 3154 videntur,
1188 3070 1250 3136 ita²
1268 3078 1304 3137 ut
1337 3073 1420 3139 idem

142 3175 211 3242 fere
234 3179 367 3244 valeant
390 3181 488 3259 etque
512 3183 607 3260 ‘quae
626 3196 696 3243 oum
719 3177 768 3242 ita
791 3177 919 3244 essent'.
956 3176 1178 3260 Compluribus
1197 3176 1278 3243 loeis
1299 3177 1421 3244 voculis

144 3276 228 3346 οὕτω
251 3282 287 3370 δὴ
309 3301 391 3366 quae
415 3283 620 3350 commutatio
644 3301 749 3350 rerum
773 3283 863 3350 facta
887 3284 931 3350 sit
954 3283 1317 3368 demonstratur‚‘velut
1338 3284 1356 3349 Ι
1379 3289 1421 3348 62

138 3379 316 3474 Ἀθηναίων
343 3389 376 3454 δὲ
412 3388 442 3454 οἱ
472 3387 506 3456 ἐκ
535 3398 592 3455 τοῦ
622 3383 745 3468 ἄστεος,
780 3388 839 3468 ἕως
866 3391 923 3474 μὲν
952 3394 1183 3478 Πεισίστρατος
1210 3388 1250 3454 τὰ
1275 3389 1422 3477 χρήματα

142 3488 249 3582 ἤγειρε
271 3496 325 3560 καὶ
347 3505 498 3578 μεταῦτις
522 3489 565 3573 ὡς
588 3495 660 3578 ἔσχε
686 3502 886 3582 Μαραθῶνα,
910 3497 1003 3584 λόγον
1028 3489 1136 3562 οὐδένα
1167 3493 1260 3578 εἶχον,
1285 3494 1422 3561 ἐπείτε

145 3602 178 3666 δὲ
201 3599 366 3668 ἐπύθοντο
389 3602 423 3668 ἐκ
446 3612 503 3669 τοῦ
518 3609 723 3690 Μαραθῶνος
747 3597 842 3670 αὐτὸν
865 3603 1068 3692 πορεύεσθαι
1085 3602 1140 3670 ἐπὶ
1155 3603 1193 3669 τὸ
1208 3597 1298 3683 ἄστυ,
1324 3598 1422 3668 οὕτω

147 3708 192 3796 δὴ
213 3714 389 3796 βοηθέουσι
413 3705 465 3776 ἐπ’
488 3699 594 3776 αδτόν.
629 3713 870 3794 Neglegeudum
886 3732 950 3778 non
966 3712 1095 3779 videtur
1110 3712 1179 3778 loon
1203 3710 1303 3776 allato
1319 3712 1422 3777 verba

143 3815 204 3894 ἕως
226 3816 283 3898 μὲν
308 3856 348 3866 -
369 3811 476 3904 ἤγειρε
499 3820 552 3883 καὶ
575 3828 728 3901 μεταῦτις
752 3811 796 3895 ῶς
819 3817 889 3900 ἔσχε
912 3824 1104 3904 Μαραθῶνα
1127 3838 1186 3884 nos
1209 3818 1357 3899 relegare
1381 3818 1422 3883 ad
1525 3803 1527 3808 Ι

143 3924 314 4006 sequentia
343 3921 474 3990 ἐπείτε
508 3927 573 3990 κτλ.
621 3925 727 3992 Simili
754 3927 844 3992 modo
868 3925 1051 4008 explicandi
1076 3931 1149 3991 suut
1173 3924 1235 3990 looi
1259 3923 1323 3988 VII
1349 3929 1421 3989 150.

147 4036 209 4095 158
239 4031 294 4096 ubi
323 4033 424 4098 Verba
452 4042 643 4118 παραχρημα
674 4031 733 4115 μὲν
757 4081 764 4094 .
791 4081 798 4094 .
825 4081 831 4094 .
858 4029 930 4096 ἐπεὶ
959 4031 991 4096 δὲ
1015 4073 1055 4082 -
1082 4026 1166 4096 οὕτω
1190 4029 1226 4116 δη
1253 4036 1287 4096 et
1314 4039 1367 4094 νυν
1391 4029 1423 4093 δὲ

143 4134 254 4223 ἐπειδὴ
280 4171 316 4186 -
344 4132 427 4202 οὕτω
451 4139 486 4226 δὴ
510 4139 596 4206 inter
620 4160 655 4206 se
679 4141 867 4206 cohaerent.

419 4333 507 4400 ἐπεί
531 4372 570 4383 -
597 4333 768 4400 ε’νθαυτα
793 4335 862 4401 Sive
887 4331 1073 4398 ἐνθαῦτα
1096 4332 1147 4419 δή.
1172 4356 1174 4360 ·
1223 4421 1224 4430 ¹

233 4513 251 4577 I
277 4519 337 4578 189
361 4504 489 4576 Ἐπείτε
512 4512 545 4576 δὲ
569 4505 703 4597 δΚῦρος
723 4513 934 4598 πορευόμενος
958 4511 1013 4578 ἐπὶ
1037 4511 1092 4600 τὴν
1108 4513 1278 4596 Βαβυλῶνα
1302 4508 1423 4595 ἐγίνετο

147 4615 204 4682 ἐπὶ
223 4617 321 4704 Γύνδῃ
345 4627 492 4704 ποταμῷ,
517 4627 573 4682 τοῦ
597 4618 631 4682 αἱ
654 4619 711 4700 μὲν
727 4619 828 4705 πηγαὶ
845 4617 877 4684 ἐν
892 4629 1085 4706 Ματιηνοῖσι
1102 4613 1218 4703 οὔρεσι,
1243 4618 1307 4703 ῥέει
1323 4616 1356 4680 δὲ
1371 4616 1422 4682 διὰ

1262 4725 1280 4776 4
