3374 5272
877 326 1002 423 oe-

262 535 421 621 ξσσέὸρσσς
449 534 482 599 δὲ
511 540 626 621 σφίσιν
655 535 794 602 ἐκέλευον
823 536 955 602 ἑλέσθαι
985 537 1100 615 οἵτινες
1122 537 1265 621 λέγοντες
1288 538 1342 602 καὶ
1366 530 1536 618 damoetae

260 644 336 728 περὶ
359 641 493 708 ἑκάστου
522 641 732 730 §ereptionum
760 643 840 709 κατὰ
867 637 999 732 ἡσυχίαν
1027 639 1045 710 λλ
1067 669 1099 710 τι
1122 639 1161 709 du
1184 649 1350 710 πείθωσιν
1373 638 1533 734 ἀλλήλους.

261 754 368 819 Κλέων
391 753 424 817 δὲ
448 750 628 817 ἐνταῦθα
651 751 693 838 δὴ
715 751 815 830 πολὺς
838 749 981 818 ἐνέκειτο.
1007 754 1047 820 cf.
1073 754 1101 818 V
1126 758 1176 836 64,
1200 753 1283 820 VIII
1308 761 1358 820 56.

349 879 469 944 Restat
490 882 527 943 ut
550 876 694 944 breviter
717 877 913 946 disseramus
937 879 976 944 de
1000 877 1161 962 particula
1177 877 1209 942 di
1225 878 1259 944 in
1274 879 1367 945 initio
1384 881 1534 964 apcdosis

240 984 365 1070 obvia,
396 1003 489 1067 quam
520 983 723 1067 grammatici
750 990 869 1052 vocant
897 983 930 1049 δὲ
959 975 1162 1050 drucionem.
1208 987 1361 1070 Magnam
1385 987 1534 1054 similitu-

261 1096 368 1162 dinem
401 1092 602 1158 intercedere
633 1089 722 1158 inter
752 1091 886 1158 Homeri
920 1098 955 1158 et
984 1092 1142 1159 Herodoti
1175 1113 1277 1178 genus
1314 1094 1440 1160 dicendi
1469 1094 1535 1161 iam

262 1221 360 1286 supra
386 1197 572 1265 monuimus.
620 1198 750 1282 Quanta
782 1198 956 1265 similitudo
979 1199 1065 1266 inter
1088 1204 1255 1282 utrumque
1279 1205 1333 1285 sit,
1357 1221 1427 1268 curn
1450 1201 1534 1268 alias

163 1361 167 1378 .
260 1310 365 1376 elucet
395 1311 461 1373 turn
493 1304 568 1371 inde
600 1312 746 1389 apparet,
778 1307 860 1398 quod
889 1305 1073 1372 Herodotus
1101 1307 1275 1373 Homerum
1308 1314 1438 1375 secutus
1467 1314 1534 1375 tam

261 1434 358 1499 saepe
386 1411 578 1497 particulam
602 1409 634 1475 δὲ
665 1411 699 1478 in
731 1411 825 1478 initio
857 1412 1007 1495 apcdosis
1037 1413 1193 1497 adhibuit,
1222 1433 1291 1480 cum
1315 1416 1427 1482 eadem
1451 1417 1534 1500 apud

261 1521 488 1605 Thucydidem,
501 1518 590 1586 cuius
603 1519 726 1602 periodi
738 1519 842 1602 magis
855 1520 1003 1586 excultae
1016 1526 1101 1603 sunt,
1111 1520 1210 1586 multo
1223 1521 1329 1588 rarius
1339 1521 1532 1590 inveniatur.

260 1629 450 1712 Priusquam
482 1625 625 1708 singulos
655 1626 741 1692 locos
771 1625 999 1710 examinemus,
1033 1645 1096 1708 qua
1126 1626 1253 1693 ratione
1280 1629 1474 1710 particulam
1502 1628 1535 1694 δὲ

260 1737 293 1804 in
328 1734 461 1820 apcdosi
496 1732 635 1816 positam
670 1731 895 1816 explicandam
929 1751 1002 1798 esse
1035 1733 1239 1816 grammatici
1273 1740 1308 1800 et
1338 1734 1535 1820 interpretes

260 1842 445 1911 censuerint
456 1839 600 1912 breviter
616 1839 823 1906 illustremus.
849 1839 1196 1923 Schweighaeuser
1206 1840 1229 1928 ¹)
1242 1842 1442 1925 pleonastica
1458 1865 1535 1927 qua-

260 1955 333 2018 darn
360 1948 487 2044 ratione¹
515 1949 589 2030 poni
613 1946 692 2012 dicit
714 1945 747 2010 δὲ
776 1945 969 2030 particulam
999 1946 1032 2012 in
1055 1946 1149 2014 initio
1180 1948 1330 2030 apcdosis
1361 1953 1535 2035 repetitam

261 2079 300 2126 ex
330 2057 471 2142 protasis
494 2055 598 2139 initio,
628 2060 663 2122 et
685 2054 784 2122 etiam
815 2054 869 2121 uhi
900 2055 934 2120 in
964 2055 1089 2138 protasi
1112 2074 1174 2120 non
1199 2056 1285 2125 adsit
1308 2057 1468 2140 particula
1492 2059 1534 2138 δὲ,

260 2165 407 2232 adhiberi
430 2164 518 2229 illam
542 2163 703 2229 interdurn
726 2161 759 2227 in
776 2161 917 2245 apcdosi,
942 2163 1068 2243 qnando
1083 2161 1166 2228 idem
1184 2162 1362 2230 subiectum
1378 2165 1535 2260 orationis

243 2269 294 2338 'in
329 2271 460 2355 apcdosi
498 2269 542 2336 sit
581 2270 663 2351 quod
699 2269 733 2334 in
771 2267 905 2352 protasi.
968 2269 1005 2335 G.
1046 2268 1340 2355 Hermannus²)
1378 2273 1534 2340 usitatum

261 2379 397 2447 Graecis
417 2396 490 2444 esse
513 2378 649 2443 adnotat
672 2381 745 2459 post
767 2376 938 2458 plerasque
962 2373 1140 2458 particulas
1164 2377 1358 2458 temporales
1374 2378 1408 2444 in
1424 2379 1535 2462 cisque

260 2485 398 2554 maxime
426 2480 601 2568 posternat
630 2500 688 2566 per
716 2482 954 2548 anacoluthiam
981 2481 1102 2547 inferre
1130 2481 1163 2547 iu
1186 2483 1319 2566 apcdosi
1342 2485 1534 2568 particulam

260 2593 302 2658 δέ.
348 2591 500 2658 Praeisse
523 2595 631 2656 autem
653 2589 737 2654 hunc
760 2608 851 2655 usum
873 2587 1053 2672 particulae
1077 2587 1110 2652 δὲ
1132 2589 1166 2654 in
1189 2589 1322 2672 apcdosi
1345 2597 1419 2674 post
1433 2593 1533 2676 parti-

260 2700 349 2766 culas
379 2697 573 2781 temporales
603 2695 719 2779 epicos.
769 2696 871 2780 Quem
899 2695 940 2761 ad
968 2696 1062 2761 finem
1090 2702 1122 2762 et
1152 2696 1266 2778 quihus
1295 2697 1329 2763 in
1357 2701 1535 2772 enuntiatis
1587 2720 1590 2726 ·

259 2805 421 2890 particula
433 2804 465 2868 dl
476 2804 510 2869 in
521 2803 614 2870 initio
627 2802 1006 2898 apcdosisaThucydide
1018 2808 1165 2887 ponatur,
1178 2803 1322 2870 breviter
1334 2805 1536 2874 demonstrat

260 2909 423 2998 Poppo³)
447 2912 569 2978 verbis:
594 2911 770 2994 ,Particula
786 2908 818 2974 di
832 2909 867 2975 in
890 2910 1023 2993 apcdosi
1046 2929 1108 2976 non
1131 2904 1234 2976 solum
1257 2909 1302 2976 ibi
1319 2912 1457 2997 ponitur,
1480 2915 1536 2982 ubi

262 3019 440 3086 subiectum
469 3019 537 3084 eius
566 3037 636 3085 oum
664 3017 698 3083 vi
727 3016 867 3100 effertur,
897 3022 995 3098 atquc
1019 3017 1161 3100 protasis
1186 3017 1328 3088 subiecto
1353 3021 1533 3105 opponitur,

262 3127 376 3210 quibus
392 3124 472 3192 locis
488 3124 600 3190 Latini
619 3142 742 3206 quoqne
765 3123 877 3206 ,vero’
901 3123 1020 3206 dicunt,
1044 3117 1102 3189 sed
1125 3123 1224 3189 etiam
1247 3125 1338 3190 modo
1362 3127 1534 3194 Homerico

262 3239 296 3299 et
322 3232 506 3299 Herodoteo
542 3236 615 3314 post
648 3230 826 3314 particulas
860 3230 1055 3312 temporales
1091 3230 1123 3295 in
1159 3230 1283 3313 protasi
1312 3232 1474 3313 particula
1503 3232 1536 3298 δὲ

261 3339 439 3405 instructas
455 3330 573 3404 ‘eadem
597 3337 683 3404 redit
705 3337 738 3415 in
763 3335 904 3419 apcdosi.
951 3336 998 3401 Et
1021 3353 1060 3402 ne
1084 3337 1250 3420 praecedit
1265 3337 1392 3419 quidem
1409 3359 1538 3422 semper

262 3447 373 3512 eadem
396 3445 556 3528 particula
578 3445 613 3511 in
635 3444 762 3527 protasi
778 3443 1012 3510 sententiarum
1035 3449 1161 3527 tempus
1177 3444 1406 3511 indicantium'.
1442 3447 1537 3513 Inter

261 3551 491 3636 grammaticos
507 3551 653 3635 inprimis
669 3548 893 3636 Matthiae⁴)
907 3556 941 3616 et
953 3550 1169 3637 Kuennerp
1182 3552 1365 3618 accuratius
1382 3554 1421 3618 de
1433 3553 1536 3636 parti·

263 3660 335 3726 cula
357 3657 390 3723 di
413 3658 447 3724 in
470 3659 562 3725 initio
586 3656 736 3742 apcdosis
760 3657 867 3754 posita
890 3657 1121 3742 disseruerunt,
1146 3676 1278 3739 quorum
1300 3658 1355 3724 ille
1379 3658 1412 3722 di
1434 3659 1537 3742 parti·

262 3765 367 3830 culam
396 3772 430 3832 ut
455 3755 533 3828 ἀλλὰ
557 3764 591 3830 in
614 3763 747 3848 apcdosi
769 3764 844 3846 poni
868 3763 947 3830 dicit
970 3764 1012 3829 ad
1036 3764 1213 3829 subiectum
1237 3765 1307 3831 sive
1330 3765 1417 3831 aliud
1440 3785 1537 3832 voca-

262 3872 370 3938 bulum
404 3871 555 3955 apcdosis
585 3871 729 3938 subiecto
760 3871 828 3938 sive
859 3871 916 3936 alii
946 3871 1101 3937 vocabulo
1132 3870 1275 3953 protasis
1307 3873 1537 3958 opponendum,

263 3977 427 4044 etiamad
454 3983 556 4044 totam
584 3978 747 4061 apcdosim
775 3978 836 4043 toti
865 3977 989 4060 protasi
1013 3978 1233 4060 opponendam
1256 3984 1330 4061 post
1353 3979 1537 4046 sententias

263 4089 389 4168 tempus
412 4084 596 4152 indicantes
620 4091 677 4151 aut
700 4093 774 4168 post
796 4084 998 4153 enuntiatum
1022 4084 1203 4168 relativum,
1227 4084 1282 4150 ille
1298 4085 1367 4152 iure
1383 4085 1536 4153 refellens

352 4262 375 4332 1)
392 4261 512 4317 Lexiccn
531 4260 715 4317 Herodcteum
733 4278 755 4317 s.
775 4278 800 4316 v.
820 4263 857 4316 δέ.

352 4351 373 4420 2)
392 4351 454 4405 adn.
473 4351 507 4404 ad
526 4351 660 4419 Vigerum
679 4367 705 4419 p.
724 4353 783 4404 783.

351 4439 373 4504 ³)
392 4440 483 4495 adnot.
506 4439 539 4493 ad
558 4439 572 4492 I
593 4441 634 4494 ll.

351 4529 373 4597 ⁴)
392 4528 586 4583 Ausfiihrliche
606 4529 779 4584 Griechische
797 4529 993 4584 Grammatik³
1011 4525 1039 4584 II
1058 4530 1074 4600 ξ
1094 4532 1144 4584 616
1163 4547 1207 4599 pg.
1231 4534 1298 4584 1469
1317 4547 1355 4596 sq.

352 4617 374 4685 5)
393 4618 409 4671 1.
431 4618 448 4670 l.
469 4617 484 4688 ξ
505 4620 565 4671 633.
