3374 5272
753 356 793 416 57

224 564 319 650 πρὸς
342 575 463 650 ταῦτα
487 563 530 651 δὴ
554 552 603 629 ὧν
625 566 655 628 V
674 570 736 630 124
753 557 979 646 Ἀλισκομένιυν
1003 563 1035 629 δὲ
1050 572 1114 627 τιῦν
1130 563 1261 653 ιτολίιυν,
1285 550 1321 650 ἦν
1337 559 1405 647 γὰρ,

137 665 181 748 ὡς
204 671 328 750 διέδεξε,
342 664 564 758 Ἀρισταγόρας
587 663 604 734 ὁ
627 670 783 758 Μιλήσιος
807 669 908 757 ψυχὴν
932 661 987 734 οὐκ
1010 663 1114 756 ἄκρος,
1140 667 1174 745 ὃς
1196 667 1333 755 ταράξας
1353 667 1408 754 τὴν

135 764 254 865 Ἰωνίην
282 779 336 842 καὶ
365 776 614 862 ἐγκερασάμενος
637 776 808 863 πρήγματα
830 775 953 861 μεγάλα
976 775 1111 864 δρησμὸν
1135 771 1287 858 ἐβούλευε,
1312 767 1409 860 ὁρέων
1470 797 1471 800 ’

137 893 247 962 ταῦτα,
271 883 352 969 τορὸς
372 883 405 950 δέ
422 883 451 949 οἱ
467 885 521 947 καὶ
537 875 676 948 άδάνατα
693 881 843 970 έιγαένετο
858 883 990 967 βασιλέα
1007 892 1143 970 Δαρεῖον
1157 875 1407 966 ὑπερβαλέσθαι,

137 990 233 1079 πρὸς
255 1000 376 1056 ταῦτα
400 990 440 1078 δὴ
464 979 514 1055 ὦν
537 991 730 1075 συγκαλέσας
753 989 827 1068 τοὺς
850 987 1072 1066 συστασιώτας
1096 986 1285 1073 ἐβουλεύετο.
1326 990 1407 1054 Post

137 1099 295 1180 protasim
312 1089 537 1180 Ἆλισκομέναν
560 1097 592 1163 δέ
615 1107 679 1161 τιον
702 1097 824 1162 πολίων
847 1096 950 1164 oratio
974 1097 1219 1178 interrumpitur
1242 1095 1351 1162 verbis
1373 1081 1410 1182 ἦν
1511 1149 1513 1156 ,

137 1203 248 1294 γὰρι-
263 1199 503 1288 ὑπερβαλέσθαι
519 1204 724 1286 parenthesis
740 1203 843 1270 forma
858 1204 1070 1287 interpositis,
1083 1203 1131 1270 ita
1143 1213 1179 1285 ut
1191 1203 1341 1285 apodosis
1354 1203 1408 1268 de-

138 1331 222 1378 mum
236 1314 277 1380 ab
293 1313 403 1379 verbis
419 1310 500 1395 πρὸς
515 1320 615 1376 ταῦτα
631 1309 667 1398 δὴ
685 1298 727 1376 ὧν
743 1311 888 1394 incipiat.
911 1312 1021 1377 Verba
1036 1308 1118 1397 πρὸς
1129 1319 1229 1374 ταῦτα
1240 1314 1274 1377 et
1289 1313 1410 1391 tempo·

139 1419 290 1484 ralemet
306 1419 467 1484 causalem
483 1419 548 1485 uim
563 1419 685 1484 habent
701 1423 735 1484 et
750 1437 809 1484 nos
825 1419 974 1500 relegant
998 1419 1039 1484 ad
1063 1417 1289 1483 antecedentia
1314 1408 1411 1501 ὁρέῳν

139 1533 248 1602 ταῦτα,
282 1544 352 1590 cunr
388 1525 511 1591 vocuIIs
544 1523 580 1609 dd
609 1513 652 1587 ὦν
685 1524 904 1590 narrationem
932 1525 1015 1590 unde
1046 1524 1195 1607 digressa
1226 1523 1270 1589 sit
1301 1523 1408 1590 redire

140 1631 356 1714 significeturss
395 1619 510 1713 Itaque
541 1635 642 1698 verba
670 1629 752 1715 πρὸς
779 1640 878 1695 ταυτα
908 1630 944 1716 δὴ
975 1619 1018 1694 ὧν
1045 1649 1108 1697 non
1134 1631 1260 1714 logicae
1290 1629 1411 1696 rationi

140 1739 198 1803 sed
213 1738 343 1820 periodo
359 1739 463 1830 minus
480 1738 632 1804 concinne
648 1736 807 1804 formatae
823 1739 989 1804 debentur.
1029 1735 1122 1800 κατὰ
1147 1745 1258 1800 τοῦτο
1281 1737 1316 1802 ΙΙ
1335 1721 1412 1802 169ιΙ

140 1843 194 1907 καὶ
222 1841 414 1925 ἐμαχέσαντο
444 1844 501 1926 μὲν
529 1833 563 1908 εὖ
593 1843 622 1908 οἱ
652 1843 747 1922 ξεῖνοι
778 1844 903 1929 πλήθεϊ
930 1845 963 1908 δὲ
985 1846 1094 1932 antip
1118 1843 1285 1921 ἐλάσσονες
1309 1841 1412 1920 ἐόντες

141 1949 238 2013 κατὰ
268 1960 388 2022 τοῦτο
417 1949 619 2038 ἑσσώθησαν.
667 1953 776 2019 Verba
808 1951 887 2016 κατὰ
920 1961 1014 2016 τοῦτο
1043 1953 1103 2019 hoc
1130 1954 1198 2018 loco
1228 1952 1414 2035 significant

141 2058 282 2150 ‘propter
304 2059 372 2124 hoc’
389 2064 422 2125 et
438 2060 530 2142 ,idern
551 2058 637 2143 fere',
661 2065 697 2124 ut
714 2059 1097 2144 SchweIghaeuser1)
1120 2058 1211 2142 dicit,
1232 2060 1352 2142 ,valent
1375 2077 1413 2124 ac

141 2163 192 2228 διὰ
209 2145 313 2242 ταυτα,
339 2165 423 2232 sicut
439 2165 566 2232 Gallice
596 2165 729 2232 dicimus
753 2167 827 2249 ,Par
850 2172 984 2250 rapport
1008 2167 1122 2232 acela'
1143 2186 1200 2249 pro
1216 2169 1245 2251 ,a
1260 2184 1357 2232 cause
1374 2166 1413 2230 de

141 2271 230 2338 cela’
277 2275 357 2338 Post
382 2274 538 2354 protasim
561 2275 700 2357 brevem,
733 2273 784 2340 cui
812 2272 862 2340 vis
886 2273 1027 2342 causalis
1050 2273 1144 2358 inest,
1168 2275 1226 2340 illa
1248 2275 1349 2341 verba
1373 2273 1413 2338 ab

140 2379 305 2445 Herodoto
329 2380 437 2464 posita
467 2399 539 2445 esse
567 2379 726 2463 uidentur,
758 2387 794 2445 ut
824 2380 927 2446 socios
958 2380 1045 2463 regis
1074 2380 1238 2464 Aegyptii,
1269 2378 1413 2460 quamvis

141 2485 273 2551 fortiter
303 2487 548 2570 pugnavissent,
577 2487 665 2552 nulla
694 2487 759 2552 alia
791 2488 829 2553 de
865 2507 963 2554 causa
997 2487 1101 2554 victos
1118 2485 1206 2553 'esse
1238 2486 1302 2554 nisi
1333 2487 1414 2568 quod

141 2592 288 2659 hostibus
301 2594 545 2683 numeromulto
558 2593 728 2660 inferiores
745 2599 865 2668 essent,
889 2593 985 2677 plane
1001 2613 1040 2660 ac
1056 2593 1193 2660 dilucide
1209 2592 1413 2676 exprimeret.

141 2699 254 2765 Multis
285 2699 360 2765 aliis
391 2685 512 2782 quoque
540 2699 620 2767 locis
645 2701 829 2766 Herodotus
858 2703 958 2766 verba
987 2699 1067 2764 κατὰ
1091 2708 1186 2764 τοῦτο
1208 2701 1257 2767 ita
1279 2704 1416 2780 usurpat

140 2817 177 2871 ut
200 2805 372 2889 designent
395 2812 535 2890 ,propter
557 2808 635 2890 hoc’,
659 2808 750 2874 velut
772 2807 880 2889 1142,
904 2807 956 2872 III
983 2813 1054 2892 137,
1069 2808 1108 2898 vV
1133 2813 1161 2891 3,
1185 2807 1233 2874 VI
1256 2811 1308 2891 44,
1332 2805 1414 2872 VIII

143 2919 194 2995 30,
218 2913 268 2978 IX
291 2919 363 2997 109,
388 2915 444 2980 sed
467 2915 553 2980 nullo
577 2913 642 2979 alio
665 2915 733 2979 loco
757 2913 821 2979 nisi
845 2914 1107 2998 supralaudato,
1138 2915 1241 2995 quoad
1270 2913 1415 2996 equidem

141 3018 218 3102 vidi,
241 3020 383 3102 protasis
407 3020 476 3111 siue
500 3021 671 3102 participio
696 3021 764 3087 sive
788 3019 1010 3087 coniunctione
1033 3021 1173 3087 formata
1196 3021 1368 3087 antecedit.

231 3139 406 3227 Apodosim
428 3145 479 3212 bis
503 3150 649 3212 notatam
672 3145 853 3212 invenimus
870 3143 916 3211 VI
941 3151 995 3211 36:
1021 3144 1214 3232 Κελευυέοης
1237 3145 1269 3209 δὲ
1292 3145 1345 3209 καὶ
1361 3153 1416 3232 της

142 3255 277 3338 Πυθίης,
309 3247 409 3316 οὗτοι
433 3251 474 3339 δὴ
497 3249 673 3338 Μιλτιάδης
696 3245 713 3316 ὃ
734 3253 892 3336 Κυψέλου,
917 3243 1072 3334 Ὀλάμττια
1094 3243 1310 3339 ἀναραιρηκὼς
1333 3249 1415 3337 τερο-

142 3380 231 3442 τερσν
254 3359 375 3422 τούτων
398 3363 595 3444 τεθρίιτιτηιμ
610 3343 703 3423 τότε
716 3358 909 3445 ιιαραλαβιὺν
919 3350 1097 3445 Ἀθηναίων
1112 3357 1219 3424 πάντα
1235 3357 1289 3424 τὸν
1300 3345 1415 3440 βουλά·
1503 3380 1507 3388 ·

142 3489 235 3547 μενον
267 3470 409 3547 μετέχειν
443 3475 499 3529 τοῦ
537 3465 651 3530 στόλου
682 3463 787 3530 έιτλιοε
817 3461 893 3548 άμα1
914 3477 999 3530 τοῖσι
1029 3464 1230 3550 Δολόγκοισι,
1262 3466 1315 3530 καὶ
1344 3461 1415 3546 έσχε

142 3572 196 3659 την
218 3571 332 3660 χώραν.

232 3697 302 3762 Uno
330 3698 398 3763 loco
422 3698 473 3763 IX
499 3703 538 3762 19
567 3697 694 3767 initium
724 3699 874 3780 apodosis
897 3699 1001 3765 forma
1024 3700 1228 3780 epanalepsis
1252 3697 1416 3781 signatum

143 3809 210 3868 est:
244 3794 288 3878 dp
317 3802 349 3866 δὲ
376 3797 438 3890 άρα
467 3795 623 3868 άιιίκοντο
651 3813 706 3891 της
729 3809 885 3891 Βοιωτίης
913 3803 945 3882 ές
967 3797 1135 3889 Ἐρυθρὰς,
1165 3802 1289 3886 έμαθόν
1318 3827 1353 3867 τε
1381 3801 1417 3888 δὴ

143 3907 216 3984 τοὺς
247 3909 422 3997 βαρβάρους
454 3909 509 3976 ἐντὶ
532 3903 734 3997 sigihardum
766 3911 1120 3996 στρατοπεδευομένους,
1152 3913 1417 3997 φρασθέντες

143 4012 183 4078 δέ·
206 4024 322 4081 τοῦτο
345 4010 578 4083 άντετάσσοντο
602 4016 656 4082 ἐντὶ
679 4027 735 4105 της
760 4012 903 4106 ὑιιιυρέης
925 4027 982 4084 τοῦ
1006 4023 1220 4105 Κιθαιρῶνος.

232 4141 318 4207 Raro
348 4143 498 4223 apodosis
529 4144 654 4225 protasi
682 4143 866 4210 annectitur
894 4144 1014 4210 omissa
1042 4163 1107 4210 una
1135 4144 1282 4209 alterave
1305 4161 1416 4209 vocum

144 4268 223 4329 quas
248 4269 346 4331 supra
370 4250 547 4333 attulimus,
571 4250 719 4318 velutin
742 4251 893 4317 brevibus
917 4250 1058 4332 periodis
1074 4256 1148 4332 post
1163 4248 1417 4316 coniunctionem

144 4352 217 4419 έιιειί
241 4341 287 4421 IV
314 4360 385 4440 124,
409 4356 474 4422 VII
500 4363 572 4440 163,
596 4357 647 4423 IX
673 4363 723 4440 13,
755 4362 829 4439 post
858 4357 1112 4423 coniunctionem
1143 4348 1187 4431 ὡς
1209 4356 1256 4421 VI
1278 4361 1331 4420 43.
1378 4355 1417 4420 Iu

143 4459 285 4543 periodis
319 4481 441 4545 quoque
470 4482 551 4544 quae
581 4463 702 4528 maiore
732 4463 869 4530 circuitu
897 4468 973 4531 sunt
1002 4464 1163 4530 formatae
1194 4461 1355 4544 particula
1383 4461 1416 4525 in

234 4637 256 4702 1)
274 4637 392 4693 Lexicon
410 4632 596 4694 Herodoteum'
611 4654 631 4694 e.
650 4655 675 4694 ν.
695 4636 766 4699 κατά
785 4655 857 4694 num.
876 4641 901 4694 8.
