3374 5272
896 371 938 436 34

811 463 1023 470 ,-.--..,-...-.

412 584 466 650 καὶ
479 589 607 651 Λυκίων
623 583 699 661 τοὺς
714 576 827 661 ἄλλους
839 583 964 661 πάντας
978 575 1035 654 ὑπ’
1048 582 1158 670 ἑωυτηῖ
1174 580 1238 665 εἶχε
1253 583 1552 670 καταστρεψάμενος

413 684 430 756 ό
454 701 609 778 Κροῖσος·
647 690 711 756 εἰσὶ
728 690 761 754 ’δὲ
778 689 851 769 οἵδε,
878 691 987 769 Λυδοὶ,
1014 689 1141 776 Φρύγες,
1167 691 1271 755 Μυσοὶ
1290 741 1296 754 .
1315 741 1322 754 .
1342 689 1550 778 Πάμφυλοι)

349 851 352 858 .
412 803 779 884 κατεστραμμένων
803 798 839 861 δὲ
863 797 1024 863 τούτων.
1055 799 1198 864 oliab.
1227 805 1298 882 102,
1322 800 1356 864 Π
1382 805 1453 864 100.
1482 805 1549 864 ill.

415 911 487 973 rso.
514 912 586 971 114.
614 911 685 972 131.
714 911 785 990 ror,
809 907 856 971 tv
875 913 924 972 rc.
950 913 1003 990 se,
1027 908 1124 971 van.
1153 911 1225 988 ror,
1250 907 1296 971 Vr
1314 913 1343 990 9,
1368 907 1432 972 Vn
1449 913 1488 972 ar
1507 927 1549 987 sq.

409 1018 487 1097 141,
511 1013 593 1080 VIII
620 1020 646 1096 7,
670 1013 721 1078 IX
745 1018 797 1078 81.
823 1019 875 1079 89.
900 1019 953 1104 96.
981 1019 1052 1078 111.
1493 1013 1495 1020 ⁴

369 1123 505 1220 Saepius
528 1137 562 1202 in
583 1137 723 1220 periodis
739 1137 938 1220 longioribus
962 1138 1113 1220 protasis
1138 1157 1231 1219 quam
1256 1139 1434 1220 complures
1458 1157 1553 1203 enun-

280 1242 435 1309 tiationes
455 1243 672 1327 explicativae
695 1243 879 1325 plerumque
897 1263 1026 1309 causam
1044 1244 1217 1310 afferentes
1234 1251 1419 1327 sequuntur,
1442 1244 1553 1309 iisdem

280 1349 348 1415 fere
364 1349 473 1418 vorbis
489 1349 656 1432 repetitur,
681 1350 714 1414 id
731 1351 813 1430 quod
828 1350 993 1418 vernaculi
1017 1369 1139 1432 quoque
1164 1351 1320 1416 sermonis
1344 1351 1395 1418 vel
1419 1351 1555 1416 maxime

279 1456 441 1539 peculiare
465 1461 525 1521 est.
574 1457 644 1539 Qua
668 1456 707 1520 de
732 1476 831 1522 causa
855 1456 1009 1522 eiusmodi
1033 1457 1184 1540 repetitio
1207 1457 1410 1538 adhibeatur,
1434 1458 1555 1539 perspi-

280 1583 371 1630 cuum
394 1569 457 1630 est:
482 1562 650 1644 scriptoris
678 1562 817 1629 interest
848 1581 895 1646 ea,
921 1581 1002 1644 quae
1030 1564 1174 1646 longiore
1198 1564 1321 1646 protasi
1346 1565 1448 1629 allata
1472 1570 1556 1647 sunt,

279 1669 503 1752 comprehendi
527 1675 561 1734 et
583 1669 757 1735 lectoribus
781 1669 815 1734 in
838 1670 976 1735 animum
1000 1671 1159 1738 revocari:

324 1796 405 1862 157
431 1794 466 1859 εἰ
499 1794 534 1858 δὲ
565 1793 689 1879 χρεων
718 1792 808 1858 ’ἐστι
841 1787 1157 1880 τεκμαιρόμενον
1189 1796 1318 1878 λέγειν
1350 1805 1460 1859 τοῖσι
1493 1805 1559 1860 νῦν

413 1901 470 1966 ἔτι
500 1900 614 1966 donoc
639 1903 857 1986 Πελασγῶν
881 1911 944 1966 τῶν
967 1895 1049 1989 όττὲρ
1076 1911 1241 1990 Τυρσηνῶν
1265 1911 1439 1988 Κρηστωνα
1463 1901 1560 1966 πόλιν

414 2007 591 2088 οἰκεόντων,
623 2011 653 2072 οἳ
685 2003 818 2094 ὅμουροί
846 2033 920 2073 κοτε
949 1998 1028 2095 ἦσαν
1057 2020 1144 2074 τοῖσι
1176 2017 1229 2074 νον
1254 2018 1415 2093 Δωριεῦσι
1445 2010 1559 2074 καλεο-

413 2121 574 2197 μένοισι.
601 2166 607 2180 .
634 2166 640 2179 .
671 2117 725 2179 καὶ
741 2110 816 2181 »ὅσα
848 2109 929 2179 σ’ἶλλα
960 2115 1141 2201 Πελασγικὰ
1176 2113 1268 2181 ἐόντα
1304 2117 1489 2198 πολίσματα
1521 2115 1560 2180 τό

413 2217 530 2304 οὔνομα
545 2224 706 2306 μετέβαλε,
732 2223 764 2288 εἰ
788 2223 970 2287 τούτοισι
994 2221 1309 2308 τεκμαιρόμενον
1333 2223 1391 2287 δεῖ
1413 2224 1557 2306 λέγειν,

415 2318 492 2418 ἦσαν
516 2329 545 2393 οἱ
572 2330 730 2414 Πελασγοὶ
753 2329 910 2414 βόρβορον
934 2329 1081 2414 γλῶσσαν
1105 2328 1204 2406 λέντες

318 2453 353 2520 ‘V
377 2461 417 2520 99
440 2447 657 2542 Ἀρισταγόρης
677 2453 719 2532 δὲ,
745 2449 879 2538 ἐπειδὴ
903 2452 942 2516 oi'
962 2477 1001 2518 τε
1020 2445 1220 2540 Ἀθηναῖοι
1244 2444 1432 2517 οἷνιίκοντο
1456 2451 1558 2518 εἴκοσι

413 2562 502 2648 νηυσὶ
527 2612 534 2624 .
561 2611 567 2624 .
594 2611 600 2624 .
628 2550 741 2624 οὗτοι
772 2548 819 2624 τόν
849 2557 987 2624 ἐτιελτε
1019 2580 1093 2647 σφι
1116 2553 1311 2624 όνιίκοντο
1334 2560 1388 2622 καὶ
1413 2559 1442 2623 οἱ
1466 2552 1557 2624 ἄλλοι

413 2666 573 2751 σύμμαχοι
605 2675 760 2755 νιαρῑγσαν,
795 2665 940 2732 ἐποιέετο
968 2667 1136 2752 στρατηῒην
1167 2657 1435 2753 όἍρισταγόρης.
1483 2669 1554 2734 Ησο

309 2845 310 2856 ,
392 2777 481 2864 ΙΙοαο
511 2775 613 2858 igitur
643 2795 704 2840 non
736 2775 837 2840 solum
870 2773 1050 2839 enuntiatio
1082 2772 1246 2855 primaria,
1274 2793 1344 2840 curn
1375 2774 1553 2857 complures

398 2881 603 2954 interiectae
617 2881 682 2946 sint
698 2879 947 2962 enuntiationes,
964 2878 1132 2961 repetitur,
1157 2881 1213 2944 sed
1230 2879 1329 2944 etiam
1342 2879 1553 2962 Aristagoras

412 2989 590 3054 subiectum
613 2989 694 3069 quod
723 2986 844 3069 legitur
871 2985 961 3050 etin
984 2984 1078 3064 initio
1102 2992 1134 3050 et
1158 2984 1191 3050 iu
1214 2986 1277 3051 fine
1301 2985 1432 3068 periodi.
1459 2986 1498 3050 cf.
1525 2983 1553 3048 V

416 3102 488 3160 roe.
519 3101 587 3178 rm,
612 3095 659 3158 VI
684 3100 735 3159 το.
762 3098 834 3176 137,
858 3091 923 3157 VH
946 3097 998 3156 43.

369 3218 479 3284 Etiam
502 3217 535 3282 in
558 3216 761 3283 brevioribus
777 3215 919 3298 periodis
935 3216 1119 3282 Herodotus
1140 3215 1296 3299 protasim
1312 3213 1554 3297 perspicuitatis

229 3400 231 3404 ¹
282 3345 380 3390 causa
404 3330 551 3406 repetere
575 3325 720 3388 adamat:

324 3440 371 3504 IV
397 3445 457 3504 122
482 3446 545 3501 των
566 3437 598 3501 δὲ
615 3441 766 3502 Σκυθέων
790 3436 825 3500 ολ
849 3431 1143 3521 ντρόόρομοιτῦς
1167 3427 1276 3522 εὗρον
1299 3435 1387 3514 τοὺς
1409 3441 1556 3520 Πέρσας

413 3540 487 3608 λ’σον
510 3568 545 3608 τε
568 3535 828 3630 τριῶνὴμερέων
853 3535 923 3609 ibbo
947 3535 1124 3624 ἀντέχοντας
1139 3535 1208 3607 αἰτὸ
1224 3537 1423 3628 ταο’1στρου,
1450 3533 1554 3606 οὗτοι

393 3644 395 3651 ’
411 3650 480 3732 μὲν
503 3649 665 3726 τούτους
688 3643 881 3735 εὑρόντος.
907 3651 946 3716 cf.
972 3652 1019 3717 IV
1046 3657 1094 3734 78,
1121 3651 1241 3732 17142,
1266 3650 1347 3714 VIII
1372 3657 1423 3715 67.

369 3775 533 3842 Interdum
565 3778 675 3843 eadem
706 3778 816 3859 verba,
849 3795 929 3858 quae
957 3776 991 3841 in
1020 3777 1112 3842 initio
1142 3775 1303 3841 enuntiati
1333 3776 1492 3858 leguntur,
1522 3775 1555 3839 in

281 3883 342 3947 fine
366 3882 434 3947 eius
458 3885 602 3966 redeunt,
627 3889 663 3948 ut
679 3882 800 3964 aliquid
824 3901 896 3948 esse
912 3883 964 3948 vel
988 3882 1051 3948 dici
1067 3883 1186 3948 maiore
1203 3900 1272 3947 cum
1289 3881 1322 3946 vi
1339 3880 1554 3963 exprimatur:

326 3998 370 4074 11¹
390 4003 429 4061 35
456 3991 649 4082 Ἔρχομαι
678 3997 715 4061 δὲ
745 3997 834 4081 νιερλ
863 3996 1068 4081 Αἰγόιιτου
1098 4001 1303 4082 μηκυνέων
1331 3994 1397 4060 τόν
1426 3994 1554 4080 λόγον,

414 4097 464 4168 ότι
492 4105 580 4168 τελέω
608 4102 786 4184 θαυμάσια
819 4102 882 4185 ἔχει
906 4099 924 4192 ’ἢ
948 4098 1025 4191 όλλη
1052 4111 1143 4168 ντᾶσα
1168 4102 1255 4190 χώρη
1287 4105 1341 4168 καὶ
1366 4102 1440 4188 ἔργα
1462 4101 1556 4186 λόγοι·

413 4210 497 4292 μέζω
521 4214 693 4297 παρέχεται
716 4209 797 4295 ντρός
820 4220 929 4275 ντασαν
949 4211 1062 4299 χώρην.
1110 4210 1260 4276 τοότων
1284 4210 1431 4276 εἵνεκεν
1455 4211 1556 4274 νιλὲω

413 4317 506 4403 τιερὶ
531 4308 650 4406 αὐτῆς
674 4315 888 4403 εἰρόσεταιΙ

325 4425 378 4489 ΠΙ
409 4429 470 4488 122
500 4423 757 4510 Πολυκράτης
785 4423 859 4508 γόρ
891 4421 982 4487 ἐστι
1011 4432 1170 4507 ντριῦτος
1202 4433 1277 4488 τιῦν
1305 4417 1418 4509 ἡμεῖς
1450 4420 1556 4502 ἴδμεν

413 4528 610 4618 Ἑλλήνιον,
636 4557 672 4607 ος
695 4532 989 4615 θαλασσοκρατέειν
1013 4528 1186 4615 ἐπενοήθη,
1211 4529 1315 4612 recipe}
1329 4533 1419 4592 Μίνω
1442 4551 1477 4591 τε
1500 4535 1556 4590 τοῦ

380 4699 382 4706 ,
414 4641 589 4714 Κνωσσίου,
614 4637 668 4700 καὶ
698 4637 726 4702 εἰ
750 4637 786 4724 δή
811 4661 860 4714 τις
882 4630 976 4712 ἄλλος
999 4635 1153 4721 πρότερος
1177 4633 1291 4698 τοότου
1316 4621 1383 4718 ἦρξε
1411 4642 1466 4722 της
1489 4637 1555 4696 θα-
