3374 5272
662 361 882 464 *a*
942 309 944 314 *

131 578 325 645 sententiam
348 577 694 664 Naegelsbachii¹)‚
719 581 773 662 qui
797 577 963 663 apodasim
979 585 1020 648 ah
1037 583 1176 649 Homero
1193 577 1354 667 particula
1372 577 1405 650 di

131 685 360 752 conformatam
384 686 620 769 paratacticam
644 679 891 754 existimandam
915 708 987 756 esse
1012 693 1167 775 autumat,
1191 692 1253 758 'nos
1277 693 1405 776 relegat

130 794 171 858 ad
200 793 361 875 propriam
392 785 572 874 particulae
602 793 634 858 dl
662 795 939 880 significationem,
970 815 1064 878 quam
1093 804 1258 865 nostrates
1287 806 1405 866 vocant

130 901 367 983 ‘andererseits’
407 919 508 982 eaque
542 902 662 968 maiore
702 922 772 968 cum
806 903 839 968 vi
875 905 1075 970 demonstrat
1109 905 1234 987 protasi
1274 907 1405 973 annecti
1479 973 1485 982 ,

130 1008 303 1090 apodosim‚
332 1008 380 1073 ita
403 1008 529 1089 quidem
557 1015 593 1074 ut
621 1009 715 1075 simul
743 1028 901 1092 quaenam
931 1011 1015 1077 ratio
1044 1012 1130 1078 inter
1153 1012 1405 1080 enuntiationem

129 1113 315 1196 primariam
339 1120 372 1181 et
396 1117 617 1182 secundariam
642 1119 817 1183 statuenda
840 1118 884 1183 sit
908 1118 1044 1185 dilucide
1069 1119 1278 1203 significetur.

218 1242 271 1306 Ex
282 1242 517 1324 interpretibus
530 1241 719 1327 Abichtl),
732 1241 888 1327 steini),
902 1245 991 1312 Clas
1000 1243 1108 1330 seni),
1122 1243 1179 1312 alii
1191 1249 1405 1331 compluribus

129 1350 215 1416 notis
240 1348 272 1412 δὲ
288 1341 478 1414 &scotoma
493 1353 729 1416 tractaverunt.
766 1352 804 1418 G.
822 1352 855 1417 H
861 1371 1079 1437 ermannus,
1104 1353 1193 1420 cuius
1210 1355 1404 1442 sententiam

129 1457 193 1523 iam
218 1476 316 1541 supra
340 1458 516 1540 attulimus
542 1458 604 1522 alio
622 1476 746 1540 quoque
761 1459 829 1524 loco
838 1457 864 1541 ⁵)
881 1459 1026 1530 breviter
1041 1459 1106 1526 rim
1121 1459 1209 1526 illius
1225 1461 1405 1542 particulae

130 1564 245 1646 attigit
268 1582 458 1646 comparans
482 1583 551 1630 cum
575 1565 736 1646 particula
760 1565 853 1648 ‘vero’
878 1585 898 1631 a
921 1565 1050 1631 Latinis
1073 1565 1107 1631 in
1131 1566 1263 1649 epodosi
1286 1568 1404 1650 posita.

130 1670 338 1756 classem)
362 1670 498 1754 denique
522 1690 578 1737 cur
601 1669 658 1737 illa
681 1672 842 1754 particula
866 1676 934 1738 tam
958 1691 1055 1762 saepe
1086 1672 1120 1738 in
1148 1673 1289 1755 periodis
1320 1677 1404 1757 apud

131 1777 308 1870 scriptores
341 1777 537 1845 vetustiores
573 1779 665 1844 nohis
697 1785 844 1845 occurrat
880 1779 961 1845 scite
995 1779 1129 1862 exponit
1157 1780 1280 1847 verbis:
1322 1781 1404 1865 ‘Viel
1464 1813 1467 1819 Δ
1526 1859 1527 1864 ἵ

131 1885 246 1951 weiter
269 1888 348 1951 aher
376 1885 425 1950 als
460 1885 510 1950 die
534 1886 622 1952 hloss
647 1885 912 1968 gleichstellende
936 1885 1158 1970 Ankn'dpfung
1180 1907 1243 1954 von
1267 1887 1404 1954 Vorder-

131 1995 194 2058 und
224 1993 389 2058 Naohsatz
423 1993 521 2058 durch
554 1992 605 2057 die
640 1993 787 2058 einfache
818 1994 947 2077 Copula,
976 1993 1088 2060 reicht‘
1109 1993 1152 2058 im
1183 1995 1404 2061 homerischen

132 2099 419 2183 Sprachgehrauch
437 2131 441 2140 ·
459 2099 510 2164 die
548 2099 580 2164 in
617 2101 798 2164 starkerem
834 2101 910 2166 oder
934 2101 1183 2167 schwitcherem
1218 2102 1404 2184 Gegensatz

131 2207 474 2288 gegeniiberstellende
502 2205 713 2289 Verbindung
743 2207 853 2272 beider
882 2209 980 2274 durch
1009 2208 1403 2275 Adversativ-Partilreln.
1477 2261 1479 2264 .
1507 2275 1510 2282 ,

131 2313 213 2378 Hier
242 2308 350 2379 brioht
378 2314 458 2379 noch
490 2313 736 2379 entschiedener
764 2314 815 2379 die
839 2313 938 2379 Kralt
962 2314 1018 2379 des
1042 2315 1153 2380 realen
1176 2315 1323 2380 lnhaltes
1348 2317 1404 2381 des
1493 2337 1499 2353 ·

132 2420 327 2486 Gadankens
363 2420 461 2486 durch
495 2420 546 2485 die
580 2419 715 2486 formale
746 2421 848 2502 Regel
871 2423 938 2487 ¹der
968 2420 1105 2487 Perinde
1139 2421 1306 2505 hindurch,
1341 2423 1404 2488 und

132 2528 310 2610 behauptet
343 2511 428 2592 trotz
464 2529 520 2592 der
554 2528 772 2593 ausserlichen
801 2529 1052 2611 Unterordnung
1085 2530 1141 2594 des
1169 2529 1405 2595 Vordersatzes

110 2641 227 2700 vunter
263 2635 334 2699 eine
372 2635 509 2710 relative
539 2633 749 2715 Oonjunction
786 2635 856 2700 sein
892 2635 1156 2718 urspr'dngliches
1192 2636 1306 2719 Recht⁷
1344 2637 1403 2702 den

132 2741 318 2824 Gegensatz
350 2740 449 2807 durch
478 2741 548 2807 eine
579 2742 834 2824 entsprechende
858 2742 1006 2807 Partikel
1029 2762 1069 2807 zu
1092 2742 1297 2813 bezeichnen.
1345 2746 1405 2808 Am

131 2847 279 2914 lrlarsten
305 2847 378 2912 tritt
401 2848 489 2914 diese
506 2850 577 2912 dem
600 2847 886 2930 durchgehildeten
903 2849 1191 2932 Sprachgebrauch
1207 2849 1328 2915 lremde
1345 2849 1405 2913 Er-

132 2955 310 3038 scheinung
332 2956 365 3020 in
388 2957 549 3020 kdrzeren
573 2955 950 3038 Gegendherstellungen
974 2955 1108 3022 hervor’.

220 3082 267 3146 Ut
285 3099 386 3144 meam
405 3079 599 3145 sententiam
615 3080 727 3161 paucis
744 3080 938 3162 adumhrem‚
962 3079 1108 3161 equidem
1125 3099 1195 3146 cum
1212 3079 1406 3162 Schweig-

131 3183 319 3252 haeusero
333 3186 413 3251 illud
425 3184 457 3249 di
469 3176 661 3249 ἄηόδοτικὸν
672 3205 735 3251 non
746 3187 851 3252 minus
863 3205 959 3269 quam
972 3186 1055 3251 alias
1068 3185 1217 3268 epodosis
1229 3185 1407 3268 particulas

132 3293 334 3376 pleonastica
354 3291 481 3374 quidem
505 3273 631 3358 ratione
655 3292 893 3375 explicaverim,
918 3292 1012 3360 simul
1035 3298 1143 3358 autem
1159 3292 1334 3357 monuerim
1350 3291 1408 3357 illa

132 3399 294 3484 particula
329 3417 429 3480 aeque
466 3403 563 3480 atque
598 3399 671 3464 aliis
708 3399 878 3482 particulis
913 3398 947 3464 in
981 3399 1073 3464 initio
1108 3398 1259 3480 apodosis
1294 3398 1406 3481 obviis,

134 3506 239 3588 qualis
264 3497 499 3571 sententiarum
515 3524 616 3570 nexus
640 3507 726 3570 inter
750 3512 919 3588 utramque
934 3503 1058 3589 periodi
1073 3510 1199 3588 partem
1216 3507 1407 3585 statuendus

134 3615 187 3698 sit,
217 3612 356 3680 dilucide
382 3613 569 3695 significari.
617 3614 802 3678 Tenendum
826 3630 950 3694 quoque
973 3616 1050 3695 puto
1074 3630 1224 3694 magnum
1248 3630 1320 3678 esse
1344 3612 1407 3678 dis-

133 3720 253 3787 crimen
276 3718 362 3785 inter
377 3719 496 3803 epicos,
519 3738 651 3802 quorum
675 3738 745 3785 cum
763 3739 881 3802 genere
898 3719 1024 3785 dicendi
1040 3719 1223 3785 Herodotus
1240 3719 1407 3800 permultis

134 3828 168 3893 in
191 3829 288 3893 rebus
312 3826 424 3893 mirum
448 3828 481 3892 in
504 3826 629 3893 modum
653 3826 802 3908 congruit
825 3832 858 3892 et
881 3826 965 3891 inter
989 3826 1164 3908 scriptores
1185 3823 1328 3890 Atticos:
1360 3824 1408 3889 illi

133 3926 311 4017 particulas
346 3937 510 4017 tamquam
541 3933 670 4001 vincula
700 3935 786 3999 inter
806 3933 941 4022 vperiodi
970 3938 1091 4016 partes,
1122 3936 1217 4014 prout
1245 3930 1408 4013 ingenium
1488 4003 1490 4009 .

134 4040 264 4124 linguae
291 4045 328 4106 ut
354 4025 405 4106 ita
431 4041 533 4106 dicam
563 4041 731 4124 poscebat,
761 4039 950 4121 saepissime
977 4037 1114 4122 ponunt,
1146 4037 1181 4103 hi
1210 4037 1243 4102 in
1267 4036 1408 4120 periodis

224 4219 234 4254 ¹
264 4233 368 4272 excurs.
387 4217 427 4270 XI
446 4217 480 4270 ad
500 4217 621 4272 Iliadem.

265 4321 288 4360 e.
307 4322 349 4376 gr.
368 4311 425 4360 not.
445 4305 479 4360 ad
498 4305 597 4359 Herod.
616 4305 630 4357 Ι
650 4307 690 4360 13,

265 4411 286 4450 e.
306 4411 349 4465 gr.
368 4400 424 4448 not.
444 4395 479 4448 ad
497 4394 595 4455 Herod.
616 4394 645 4446 ΙΙ
663 4397 705 4448 39.

235 4219 244 4284 )

223 4305 245 4373 2)

223 4395 245 4461 ³)

223 4482 245 4550 4)
266 4500 288 4538 e.
307 4501 349 4553 gr.
369 4490 427 4538 not.
446 4484 480 4537 ad
499 4483 619 4548 Thucyd.
638 4482 652 4534 I
672 4485 712 4536 11.

236 4577 247 4642 )

236 4664 248 4731 )

223 4572 236 4610 ⁵
266 4579 321 4626 not.
340 4575 374 4628 ad
393 4573 471 4642 Soph.
490 4571 561 4626 Phil.
580 4587 604 4626 v.
624 4575 667 4626 86.

225 4662 235 4696 ¹³
267 4661 497 4730 Beobachtungen
516 4661 559 4715 ub.
580 4660 605 4714 d.
624 4660 693 4714 hcm.
713 4660 953 4729 Spraehgebrauch
972 4675 1018 4728 pg.
1037 4661 1078 4713 32.

1249 4748 1266 4800 ὅ
1311 4763 1315 4776 ,
