3374 5272
671 467 730 474 ...
756 382 881 475 δὲ.-.

137 593 291 658 instituta
319 609 469 672 maguam
499 587 740 655 similitudinem
770 589 856 654 inter
880 589 1113 670 Antiphontem
1136 595 1170 655 et
1194 590 1412 672 Thucydidem

138 702 284 781 probare.
314 699 381 763 Nec
397 716 509 779 pauca,
526 700 563 761 ut
578 695 776 761 Nieschke
787 695 811 781 ¹)
828 696 908 780 uult,
925 696 1130 778 Thucydides
1147 715 1186 761 cx
1203 696 1413 777 Antiphontis

138 805 367 871 consuetudine
406 801 570 884 accepisse
605 802 683 867 mihi
710 802 848 887 videtur,
878 808 911 869 et
946 822 1015 869 cum
1050 802 1194 868 Bothio
1233 803 1414 884 putaverim

139 913 357 994 Thucydidem
396 908 571 992 primordia
609 909 800 975 elocutionis
840 929 917 976 suae
955 909 1021 974 iam
1059 911 1144 991 apud
1181 909 1412 991 Antiphontem

137 1019 302 1086 inuenisse
319 1017 455 1100 quidem,
480 1016 537 1082 sed
553 1015 601 1082 ita
616 1016 879 1100 transformasse,
903 1020 940 1082 ut
955 1016 1101 1098 plurimis
1117 1016 1150 1081 in
1167 1018 1263 1084 rebus
1278 1016 1413 1082 liberius

138 1127 193 1191 illo
226 1125 370 1207 linguam
404 1127 565 1190 tractaret
595 1123 635 1188 ob
666 1142 801 1206 eamque
830 1143 899 1188 rem
928 1123 1024 1189 facile
1056 1122 1199 1205 Gorgiae
1229 1122 1413 1206 praeceptis

139 1233 350 1315 supersedere
374 1236 493 1313 posset.
1169 1251 1171 1254 ⁴

227 1339 310 1422 Quid
334 1338 539 1418 Thucydides
562 1337 738 1404 Prodiceae
766 1337 832 1404 arti
862 1338 979 1403 debere
1003 1337 1161 1421 videatur,
1190 1338 1277 1404 inter
1304 1356 1413 1404 recen·

137 1448 237 1514 tiores
253 1446 374 1529 primus
390 1444 579 1511 observavit
595 1443 874 1528 spongeiiush.
891 1444 1150 1527 ¹Neglegentiam
1173 1445 1267 1511 huius
1291 1446 1413 1512 aetatis

136 1554 366 1638 perstringens
391 1552 446 1617 ille
473 1551 525 1618 vir
549 1551 754 1618 doctissimus
777 1553 891 1618 laudat
914 1551 1117 1634 diligentiam
1140 1548 1325 1638 veterumi),
1350 1569 1414 1635 qua

136 1660 267 1727 Prodici
289 1659 520 1743 proprietatem
543 1658 690 1724 notiones
707 1659 880 1726 definiendi
895 1665 962 1725 tam
979 1678 1077 1741 saepe
1093 1659 1178 1740 apud
1194 1659 1412 1740 Thucydidem
1446 1673 1450 1682 '

138 1767 264 1835 obviam
288 1767 527 1850 indagaverint,
554 1772 588 1832 et
612 1765 694 1832 satis
718 1785 869 1849 magnum
891 1785 1057 1832 numerum
1080 1767 1306 1849 exemplorum,
1330 1784 1412 1848 quae

139 1874 318 1957 Thucydidi
347 1893 416 1940 cum
444 1873 579 1939 Prodico
610 1873 787 1940 communia
819 1892 891 1940 esse
925 1877 1086 1958 autumat,
1119 1872 1223 1939 affert.
1283 1872 1347 1939 Sed
1377 1877 1412 1938 ut

139 1983 279 2065 Gorgiae
315 1981 543 2048 auctoritatem
578 1985 676 2064 atquc
710 1981 774 2048 uim
809 2000 873 2047 non
906 1983 1033 2047 tantum
1067 1980 1230 2064 pertinere
1264 1986 1341 2064 puto
1371 1982 1413 2047 ad

138 2090 315 2156 orationem
330 2090 514 2172 pedestrem
527 2087 723 2154 Graecorum
740 2087 933 2171 antiquioris
946 2087 1074 2171 quidem
1090 2087 1245 2171 temporis
1257 2093 1412 2171 quantum

137 2199 323 2281 plerumque
347 2195 513 2274 conicitur,
538 2195 586 2260 ita
602 2195 772 2261 Prodicum
789 2196 881 2280 ¹apud
897 2195 1116 2277 Thucydidem
1140 2215 1204 2260 non
1219 2195 1252 2261 id
1268 2194 1412 2263 valuisse

137 2303 390 2371 existimauerim
401 2303 483 2384 quod
497 2303 596 2385 Spen
606 2302 734 2384 gelius
747 2302 776 2368 ei
787 2301 979 2387 attributo).
990 2304 1072 2369 Nam
1083 2307 1236 2368 accurata
1246 2301 1411 2368 distinctio
1493 2357 1495 2360 .

137 2411 299 2476 notionum
317 2410 436 2476 similia
450 2409 704 2492 significantium
713 2407 738 2494 ⁵)
757 2410 842 2492 apud
854 2409 1087 2492 Antiphontem
1103 2427 1228 2492 quoque
1243 2409 1366 2492 legitur
1374 2409 1411 2494 ⁶),

137 2519 248 2600 itaque
278 2515 455 2584 uerisimile
484 2521 536 2582 est
559 2517 779 2598 Thucydidem
808 2517 898 2582 illum
926 2535 1045 2582 morem
1069 2517 1216 2583 notiones
1239 2516 1413 2583 definiendi
1510 2555 1511 2558 =

137 2632 171 2692 et
194 2625 374 2707 synonyma
395 2623 616 2707 distinguendi
640 2615 875 2710 (ἄκριβοίογίον
899 2621 954 2688 ἑοὶ
978 2635 1047 2699 τοῖς
1070 2614 1237 2710 ὀνόμασιν)
1260 2623 1410 2707 magnam

137 2732 169 2798 in
193 2739 319 2815 partem
334 2732 588 2816 nonProdioeae
610 2731 676 2796 arti
691 2732 818 2815 debere,
843 2733 901 2798 sed
917 2751 957 2797 ex
973 2731 1173 2797 orationibus
1189 2731 1410 2815 Antiphontis

138 2858 268 2920 quocum
293 2839 443 2922 scriptori
466 2857 586 2922 magna
602 2838 663 2904 fuit
679 2839 892 2923 necessitudo,
916 2844 1095 2905 mutuatum
1111 2857 1194 2922 esse,
1218 2838 1268 2904 ita
1283 2837 1411 2920 quidem

137 2952 173 3011 ut
195 2951 284 3012 certe
307 2945 445 3027 plurima
469 2965 525 3012 suo
548 2945 706 3012 formaret
727 2946 867 3028 ingenio.
1392 2939 1394 2944 ’

225 3053 271 3120 Ut
305 3051 442 3134 denique
477 3055 516 3119 de
539 3053 666 3119 ratione
696 3071 778 3134 quae
806 3053 981 3120 intercedit
1013 3053 1099 3120 inter
1127 3053 1346 3137 Thucydidem
1377 3057 1412 3119 et

138 3167 252 3241 poetas
276 3161 330 3241 qui
354 3159 386 3225 ei
409 3166 655 3226 antecesserunt
677 3178 772 3241 quam
796 3160 987 3228 brevissime
1003 3159 1212 3245 disputemus,
1236 3161 1410 3226 notandum

136 3266 265 3333 uidetur
280 3267 414 3333 Homeri
437 3265 665 3334 auctoritatem
689 3268 774 3351 apud
790 3286 861 3332 eum
884 3269 1017 3334 multum
1035 3267 1194 3348 vuluissc;
1219 3284 1411 3350 quamquam

227 3426 247 3492 ¹)
267 3427 300 3479 de
318 3425 476 3492 Thucydide
494 3425 673 3494 Antiphontis
692 3424 823 3494 discipulo
843 3431 871 3482 et
889 3426 1000 3482 Homeri
1018 3425 1156 3486 imitatore
1174 3442 1220 3496 pg.
1241 3429 1283 3480 73.

226 3515 250 3585 2)
269 3513 415 3590 συναγωγὴ
435 3523 538 3588 τεχνῶν
557 3532 582 3583 p.
601 3518 644 3570 53.

226 3606 247 3670 3)
267 3606 328 3658 Huc
351 3605 491 3673 pertinent
516 3605 567 3659 duo
592 3611 716 3660 veterum
740 3605 905 3672 testimonia,
933 3605 1049 3660 alterum
1069 3611 1110 3660 est
1130 3606 1231 3660 veteris
1250 3606 1413 3661 scholiastae

138 3696 172 3750 ad
184 3693 369 3760 Thucydidem
385 3712 402 3747 a
414 3695 553 3749 Dukero
572 3695 601 3748 in
619 3701 710 3749 annot.
725 3711 770 3764 pg.
784 3695 856 3749 alab
871 3695 1021 3764 prolatum:
1045 3694 1246 3767 Θουκυδίδης..
1259 3692 1411 3768 ἐμιμήσατο

138 3827 143 3838 .
164 3827 169 3838 .
190 3827 195 3837 .
218 3787 257 3844 εἰς
276 3782 325 3855 τὴν
338 3785 412 3842 λέξον
426 3771 573 3856 Πρόδικον,
593 3780 663 3839 ὅθεν
682 3788 729 3838 καί
742 3787 880 3856 Προδίκου
894 3785 968 3844 λέξιν
982 3784 1012 3839 ἑν
1026 3793 1062 3858 τῷ
1074 3787 1194 3858 κειμένῳ
1208 3782 1411 3858 superadeunda,

138 3875 254 3928 alterum
273 3873 427 3928 Marcellini
450 3875 478 3928 in
502 3875 561 3929 vita
580 3875 665 3928 Thac.
685 3876 701 3945 ξ
720 3876 754 3928 56
779 3871 892 3946 ἐζήλωσε
916 3875 944 3928 δὲ
964 3873 1159 3946 (Θουκυδίδης)
1183 3867 1225 3929 ἐπ’
1249 3867 1351 3946 ὀλίγον,
1377 3876 1412 3936 ὠς

138 3962 367 4034 ψηυίνἌντυλλος
386 4005 391 4016 .
412 4006 416 4017 .
439 4006 444 4016 ,
465 3971 511 4017 καὶ
526 3953 664 4035 Προδίκου
685 3971 733 4018 τοῦ
756 3966 845 4018 Κείου
865 3962 915 4036 τὴν
935 3963 979 4019 ἐπὶ
994 3973 1048 4024 τοῖς
1062 3956 1194 4035 ὃνόμασιν
1209 3957 1410 4036 ιῖκριβολογίαν.

225 4052 249 4121 1)
263 4053 350 4106 Both
363 4067 467 4119 quoque
481 4052 499 4106 l.
511 4053 530 4107 l.
544 4069 589 4122 pg.
604 4056 637 4106 63
651 4053 826 4122 Spengelium
839 4053 882 4107 hic
895 4053 952 4108 illic
965 4053 1078 4107 nimium
1091 4052 1261 4107 contendisse
1274 4053 1412 4108 existimat

139 4146 168 4194 et
188 4141 340 4195 Beckero
360 4142 378 4194 l.
399 4141 415 4194 l.
435 4159 460 4210 p.
475 4144 506 4196 51
527 4143 688 4211 Spengelius
707 4158 766 4196 cum
786 4143 859 4196 dicat
877 4142 996 4196 omnium
1014 4142 1128 4196 maxime
1147 4140 1331 4208 Thucydidem
1349 4143 1412 4197 illas

139 4229 327 4284 distinctiones
351 4231 498 4296 adamasse,
523 4239 561 4298 ,ut
585 4232 672 4299 ipsum
691 4231 815 4285 Plutonis
834 4231 978 4285 Prodicum
1003 4232 1139 4285 interdum
1164 4231 1310 4286 facientem
1328 4232 1412 4286 verba

139 4319 234 4372 audire
253 4323 377 4386 censeas’,
399 4337 481 4388 supra
500 4315 645 4375 veritatem
663 4336 720 4374 rem
739 4336 920 4389 exaggerasse
939 4320 1055 4374 videtur.

227 4409 250 4479 5)
268 4410 329 4463 Huc
348 4410 505 4464 referendae
524 4426 630 4476 quoque
649 4415 714 4464 sunt
734 4410 887 4464 sententiae
911 4425 1070 4475 communes,
1099 4424 1213 4475 purarum
1239 4409 1356 4477 Poppo
1382 4410 1411 4464 in

138 4489 231 4564 praeis
243 4514 288 4568 pg.
308 4501 360 4552 343
379 4516 435 4566 sqq.
455 4503 563 4552 centum
582 4499 686 4567 viginti
704 4499 832 4567 politicas
851 4505 879 4553 et
899 4500 1013 4554 morales
1034 4497 1155 4567 collegit.

142 4577 144 4580 Ι
225 4583 247 4657 Ι6)
270 4588 295 4642 V
318 4590 353 4640 47
380 4595 432 4642 τοῖν
450 4588 504 4662 μὲν
523 4583 611 4658 λόγων
631 4591 724 4658 κριτοὶ
743 4619 776 4626 —
798 4595 849 4642 τῶν
869 4589 897 4643 δὲ
917 4591 1006 4660 ἔργων
1025 4591 1156 4642 δικασταί.
1178 4587 1209 4642 cf.
1224 4588 1307 4644 Thilo.
1321 4589 1410 4644 11138

140 4679 241 4730 θεαταί
259 4677 313 4752 μὲν
333 4683 385 4731 τῶν
404 4674 500 4754 λόγων,
520 4668 654 4754 <inportuni
673 4676 702 4734 δὲ
722 4684 775 4730 τῶν
794 4678 889 4754 ἔργων.
