3374 5272
885 301 1011 396 42-

271 501 380 594 ἐπειδὴ
402 509 456 574 καὶ
479 507 516 574 τὸ
539 510 667 598 πλῆθος
690 508 797 598 ἑιύριον
820 517 1033 598 τετραμμένον
1055 511 1109 576 καὶ
1125 521 1180 576 τοῦ
1197 511 1355 600 παρόντος
1364 504 1537 600 Ἀθηναίων

270 623 446 701 στρατηγοῦ
470 607 575 680 ούκέτι
597 608 808 702 άκροιυμένου,
834 618 956 706 ἐγένετο
976 613 995 704 ἡ
1012 612 1164 704 ὁμολογία
1181 620 1234 683 καὶ
1258 619 1420 704 πρόςεδέ
1427 619 1536 698 ξαντα

192 765 196 772 -
275 712 331 806 ἐφ’
363 719 421 797 οἷς
452 719 621 808 ἐκήρυξε.
681 728 747 789 καὶ
781 727 819 791 oi
847 727 915 809 μὲν
943 726 1010 814 τὴν
1042 725 1160 792 πόλιν
1192 724 1368 810 τοιούτῳ
1402 725 1535 814 τρόπῳ

270 827 506 912 παρέδοσαν,
532 831 596 897 VH
612 838 632 896 8
649 838 840 911 σπείσαντες
862 834 935 911 τοὺς
958 834 1138 917 ξυμμάχους
1160 825 1392 897 α’πέκτειναν
1416 826 1535 898 αύτύν.

270 934 333 996 καὶ
357 927 374 997 δ
394 935 465 1016 μὲν
488 936 652 1025 τοιαύτη
676 935 694 1026 ἢ
718 935 779 1004 ὅτι
804 938 994 1026 ἐγγύτατα
1017 939 1170 1005 τούτων
1194 935 1535 1026 αἰτίηέτείλνήκει.

358 1041 491 1124 Semper
506 1045 574 1112 fera
590 1067 693 1127 pauca
709 1067 790 1129 quae
806 1050 910 1115 allata
923 1058 998 1115 sunt
1014 1070 1035 1115 a
1051 1049 1208 1130 scriptore
1220 1049 1535 1131 comprehenduntur,

269 1165 339 1211 cunr
361 1147 440 1214 socii
455 1150 624 1218 civitatum
641 1162 879 1239 enumerantur,
896 1175 922 1221 e.
937 1175 984 1238 gr.
999 1157 1033 1220 II
1050 1161 1086 1219 9:
1112 1153 1374 1236 Λακεδαιμονίου
1396 1152 1453 1236 μὲν
1476 1152 1536 1218 οἵδε

256 1249 443 1334 ξύμμαχοι·
474 1258 724 1342 Πελοποννήσιοι
748 1310 755 1324 .
782 1311 788 1324 .
815 1312 822 1324 .
847 1263 994 1339 Βοιωτοί,
1022 1269 1139 1348 Φιοκης,
1166 1265 1302 1346 Λοκροί·
1335 1259 1368 1324 αἱ
1393 1252 1421 1324 δ)
1448 1255 1535 1326 ἄλλοι

268 1356 379 1436 πόλεις
394 1361 490 1442 πεζὸν
506 1378 666 1451 παρεῖχον.
683 1362 775 1454 αύτη
788 1368 918 1433 Λακεδ
924 1395 962 1434 αι
971 1393 1043 1450 μου
1053 1373 1065 1432 ί
1071 1393 1121 1432 ιον
1137 1368 1351 1449 ξυμμαχία·
1364 1360 1535 1454 Ἀθηναίων

268 1463 301 1528 δὲ
325 1474 412 1546 Χῖοι,
437 1475 580 1554 Λέσβιοι,
606 1474 776 1560 Ιίλαταιης,
802 1475 976 1562 Μεσσήνιοι
1001 1474 1030 1538 ολ
1056 1472 1087 1539 ἓν
1111 1474 1296 1560 Ναυπάκτῳ
1322 1525 1329 1537 .
1356 1524 1362 1537 .
1389 1525 1396 1538 .
1422 1481 1535 1557 Κερκυ-

268 1583 362 1658 ραῖοι,
389 1625 395 1638 .
411 1627 417 1639 .
433 1627 439 1639 .
455 1577 484 1642 οἱ
501 1571 529 1642 δ’
545 1573 635 1645 ditor
650 1581 747 1661 πεζὸν
763 1584 816 1646 καὶ
830 1583 985 1669 χρήματα.
1023 1583 1215 1664 ξυμμαχία
1238 1608 1260 1663 μ
1271 1582 1308 1646 ὲν
1332 1576 1425 1668 αὓτη
1448 1580 1535 1645 ἑκα-

267 1684 388 1766 τέρων
411 1685 478 1748 καὶ
501 1689 735 1774 παρασκευὴ
759 1688 797 1766 ἒς
820 1690 886 1755 τὸν
909 1691 1080 1772 πόλεμον
1104 1678 1156 1775 ἦν.

252 1820 254 1824 ·
312 1853 315 1858 ,
355 1789 536 1873 Thucydidi
567 1815 688 1877 quoque
721 1816 818 1878 saepe
853 1798 1079 1864 difficultatem
1111 1797 1269 1871 transitus
1301 1798 1341 1861 ad
1373 1797 1539 1877 sequentia

267 1891 406 1961 faciendi
436 1900 563 1966 obviam
591 1921 663 1967 esse
691 1903 812 1969 factam
842 1903 997 1985 parebatur
1028 1903 1183 1984 exemplis
1212 1905 1303 1968 modo
1331 1903 1483 1984 laudatis,
1507 1903 1538 1966 in

267 2001 380 2080 quibus
404 2005 502 2072 etiam
526 2014 593 2073 tum
609 2028 679 2074 cum
694 2030 798 2092 pauca
814 2016 1007 2092 exposuerat
1029 2013 1131 2077 verba
1150 2010 1373 2076 concludentia
1393 2009 1537 2074 inseruit.

355 2109 442 2176 Raro
474 2133 513 2179 ea
544 2136 624 2196 quae
659 2116 808 2199 exposita
839 2124 915 2183 sunt
949 2117 998 2189 ita
1026 2118 1345 2199 comprehenduntur,
1382 2125 1416 2182 ut
1447 2117 1539 2181 simul

268 2213 389 2295 aliquid
412 2220 486 2285 novi
517 2221 682 2307 afferatur,
713 2225 802 2290 velut
825 2226 876 2291 III
900 2231 941 2290 98
966 2216 1133 2288 άπίίίανον
1163 2223 1195 2286 δὲ
1228 2231 1290 2286 τιῦν
1313 2247 1348 2286 τε
1372 2222 1539 2304 ξυμμάχων

267 2321 381 2386 πολλοὶ
403 2326 456 2389 καὶ
480 2319 586 2392 αύτιῖιν
603 2322 780 2416 Ἀθηναίων
803 2326 935 2396 ὁπλῖται
956 2333 1031 2416 περὶ
1054 2329 1155 2395 είκοσι
1178 2330 1319 2411 μάλιστα
1342 2331 1395 2393 καὶ
1419 2329 1537 2393 ἑκατόν.

267 2436 416 2495 τοσοῦτοι
445 2434 502 2514 μὲν
530 2434 566 2499 τδ
589 2438 718 2524 πλῆθος
745 2439 799 2501 καὶ
830 2431 957 2524 ἡλικία
981 2431 999 2525 ἡ
1027 2429 1121 2524 αὐτη
1151 2427 1238 2501 οὗτοι
1267 2437 1474 2520 βέλτιστοι
1499 2435 1537 2521 δη

266 2526 399 2622 ἄνδρες
429 2537 461 2604 δν
489 2551 534 2627 τη]
563 2545 694 2630 πολέμῳ
722 2545 802 2630 τηῑδε
827 2543 860 2610 ἐκ
882 2555 938 2632 της
957 2537 1133 2631 Ἀθηναίων
1156 2544 1281 2620 πόλεως
1300 2527 1536 2631 διεφθάρησαν.

356 2645 611 2732 Quotiescunque
634 2653 837 2735 Thucydides
861 2654 1008 2718 oratione
1031 2659 1121 2718 recta
1145 2653 1214 2719 sive
1238 2653 1367 2734 obliqua
1390 2672 1465 2717 usus
1490 2671 1537 2734 ea,

267 2769 349 2830 quae
377 2753 493 2834 aliquis
517 2757 600 2824 dixit
623 2760 676 2825 vel
705 2761 837 2844 monuit,
862 2759 1112 2843 comprehendit,
1136 2762 1216 2825 duas
1240 2759 1478 2842 initiationes
1503 2765 1538 2822 ut

267 2858 309 2922 ad
332 2863 560 2930 antecedentia
582 2865 729 2948 legentes
752 2868 892 2949 releget:
916 2873 973 2933 aut
995 2868 1098 2932 utitur
1113 2867 1216 2932 forma
1232 2866 1394 2947 participii
1410 2904 1454 2912 -
1470 2865 1538 2930 sive

267 2964 427 3036 coniuncti
451 2969 521 3037 sive
537 2974 678 3039 absoluti
695 3011 734 3021 -
753 2980 810 3040 aut
825 2973 917 3056 ponit
932 2974 1133 3038 enuntiatum
1150 2971 1345 3054 primarium.
1381 2974 1434 3038 Ex
1450 2972 1537 3053 locis,

267 3068 438 3152 inquibus
467 3078 672 3160 participium
700 3081 900 3146 coniunctum
930 3080 1067 3161 positum
1091 3084 1152 3162 est,
1183 3078 1326 3144 nonnulli
1350 3079 1537 3144 afferantur:

267 3175 314 3242 VI
339 3184 380 3244 50
404 3180 559 3264 Λάμαχος
585 3186 643 3267 μὲν
670 3195 794 3251 ταῦτα
824 3185 950 3251 εἰπών
977 3181 1064 3268 ὅμως
1094 3189 1273 3271 προςέδοτο
1303 3185 1356 3248 καὶ
1384 3176 1479 3260 αύτδς
1501 3191 1537 3268 τῇ

262 3274 457 3368 Ἀλκιβιάδου
480 3291 598 3379 γνώμη,
624 3294 670 3360 VI
696 3301 736 3359 69
759 3287 791 3359 ‘0
813 3295 870 3376 μὲν
894 3297 1011 3369 Νικίας
1039 3301 1211 3357 τοιαῦτα
1242 3289 1537 3376 παρακελευσά-

266 3415 380 3473 μενος
409 3392 508 3486 ἐπῆγε
528 3389 576 3464 ’τὸ
606 3400 821 3486 στρατόπεδον
852 3392 959 3478 εὐθύς,
992 3420 1073 3482 quae
1105 3401 1205 3465 verba
1233 3419 1291 3464 nos
1321 3400 1470 3481 relegant
1498 3399 1538 3462 ad

268 3520 337 3582 cap.
364 3509 404 3568 67
428 3505 480 3570 fin.
508 3499 525 3570 ὃ
548 3511 665 3584 Νικίας
689 3558 696 3570 .
722 3558 729 3571 .
756 3558 763 3570 .
787 3507 928 3572 τοιάδε·
949 3505 1248 3594 παρεκελεύετο.
1278 3505 1317 3570 of.
1342 3506 1394 3571 III
1419 3511 1468 3586 31,
1492 3504 1538 3568 IV
1604 3583 1608 3590 ι

271 3615 342 3674 115.
370 3616 442 3694 193,
467 3613 530 3679 VII
554 3620 605 3697 69,
630 3615 711 3680 VIII
736 3621 787 3680 (54.
819 3614 997 3680 Genetivus
1021 3615 1188 3680 absolutus
1213 3612 1336 3693 positus
1360 3610 1473 3678 estIV
1500 3618 1535 3676 il

273 3726 447 3782 Τοσαῦτα
478 3728 547 3784 τοῦ
577 3726 869 3807 Δημοσθένους
896 3721 1294 3806 παρακελευσαμένου
1319 3717 1349 3780 ολ
1375 3709 1538 3803 Ἀθηναῖοι

269 3822 454 3912 ἐθάρσησάν
484 3851 519 3891 τε
551 3828 670 3910 μᾶλλον
698 3829 753 3891 καὶ
786 3825 1035 3911 ἐπικαταβάντες
1066 3825 1217 3903 ἐτάξαντο
1246 3817 1322 3910 παρ’
1357 3817 1452 3908 αὐτὴν
1485 3823 1539 3910 την

268 3933 449 4012 θάλασσαν,
474 3955 555 4017 quae
578 3939 679 4002 verba
699 3937 868 4002 referenda
892 3942 967 4002 sunt
984 3937 1025 4002 ad
1040 3936 1087 4000 IV
1105 3940 1122 3998 9
1140 3935 1193 3998 fin.
1210 3934 1263 3996 καὶ
1287 3931 1540 4017 παρεκελεύσατο

268 4041 385 4123 τοιάδε,
424 4045 471 4110 IV
488 4050 529 4110 65
550 4051 722 4107 Τοιαῦτα
745 4051 815 4107 τοῦ
829 4035 1114 4129 Ἑρμοκράτους
1137 4038 1324 4116 εἰπόντος
1347 4038 1540 4120 πειθόμενοι

269 4149 300 4215 οἱ
323 4151 511 4216 Σικελιῶται
534 4141 626 4214 αύτοὶ
653 4150 711 4232 μὲν
733 4148 813 4213 κατὰ
838 4158 924 4236 σιγᾶς
947 4140 1061 4224 αύτούς
1085 4146 1315 4233 ξυνηνέχθησαν
1338 4145 1456 4232 γνιύμη,
1480 4164 1539 4227 quo

269 4259 338 4324 loco
368 4276 541 4341 pronomen
570 4267 702 4322 τοιαῦτα
731 4258 906 4340 respondet
928 4257 970 4322 iis
994 4276 1074 4337 quae
1105 4257 1153 4321 IV
1185 4263 1225 4320 58
1249 4257 1301 4320 fin.
1329 4256 1538 4321 antecedunt:

268 4367 323 4432 καὶ
344 4359 556 4452 Ἑρμοκράτης
579 4403 619 4412 -
644 4364 807 4440 τοιούτους
831 4362 867 4448 δὴ
896 4362 1008 4448 λόγους
1037 4360 1136 4440 εἶπεν,
1162 4363 1208 4427 VI
1231 4368 1272 4427 41
1302 4365 1402 4428 Verba
1431 4360 1485 4424 καί
1509 4359 1540 4424 οἱ

268 4474 326 4556 μὲν
349 4471 538 4557 Συρακόσιοι
568 4480 746 4536 τοσαῦτα
775 4469 965 4545 εἰπόντος
993 4478 1064 4534 τοῦ
1095 4476 1319 4554 στρατηγοῦ
1348 4465 1540 4553 διελύθησαν

270 4580 303 4647 ἐκ
326 4589 381 4645 τοῦ
406 4577 553 4664 ξυλλόγου
575 4579 758 4646 referuntur
782 4579 824 4646 ad
846 4578 947 4646 verba
963 4577 1104 4644 eiusdem
1124 4573 1242 4656 capitis
1266 4571 1375 4650 ’ἔλεξε
1398 4570 1539 4640 τοιάδε.
