3374 5272
805 350 976 444 ,ΛΟΜ
1010 437 1013 441 ,

272 560 380 642 posita
404 561 456 626 sit.
496 561 605 642 Neque
621 562 814 643 praesertim
830 579 899 625 cum
917 557 1121 638 'Phucydides
1137 555 1285 636 periodos
1302 560 1393 621 certa
1409 559 1545 637 quadam

272 668 344 750 loge
373 667 527 750 effingere
552 669 681 732 adamet
706 705 745 713 —
771 667 861 748 ponit
891 665 974 730 enim
1003 663 1180 731 subiectum
1210 662 1335 743 protasi
1358 667 1391 728 et
1415 665 1545 745 apodosi

272 791 435 839 commune
462 773 495 839 in
519 773 611 839 initio
643 773 765 855 periodi
797 780 830 838 et
861 771 1007 838 annectit
1037 769 1291 835 coniunctionem
1302 768 1325 852 ¹)
1350 807 1389 814 —
1416 776 1468 835 est
1489 791 1545 836 cur

272 880 423 946 miremur
446 880 601 962 plurimas
625 861 772 961 periodos
797 880 895 944 etiarn
918 877 1054 944 circuitu
1069 876 1214 957 longiore
1229 874 1385 941 formatas
1401 877 1435 940 in
1452 875 1544 942 libris

268 985 469 1068 Thucydidis
493 986 639 1069 inveniri,
659 972 696 1051 'in
720 987 833 1068 quibus
858 985 1038 1066 particulae
1063 979 1206 1059 lernaea
1224 980 1257 1044 dl·
1280 981 1401 1048 similes
1417 983 1544 1065 positae

271 1112 333 1158 nou
350 1097 435 1176 sunt,
459 1093 589 1159 etiamsi
605 1093 737 1174 apodosi
759 1093 879 1174 aliquid
903 1097 1034 1174 praeter
1058 1089 1333 1171 exspectationem
1356 1089 1425 1154 fieri
1445 1090 1544 1172 signi-

271 1199 393 1265 ficetur.
419 1200 458 1265 of.
483 1201 505 1265 l
525 1206 575 1266 96.
602 1205 652 1266 27.
678 1205 730 1266 46.
760 1205 831 1283 loa,
854 1200 889 1265 ΙΙ
913 1205 942 1264 3.
969 1204 997 1262 5.
1024 1203 1075 1262 23.
1103 1202 1153 1261 59.
1183 1202 1231 1261 78.
1258 1202 1309 1260 80.
1337 1202 1388 1260 90.
1414 1202 1463 1261 92.
1490 1202 1542 1261 94.

275 1312 346 1371 102.
401 1308 607 1390 Quantopere
640 1313 746 1373 autem
780 1308 964 1372 Herodotus
997 1306 1030 1370 in
1063 1303 1203 1386 periodis
1236 1302 1470 1375 conformandis
1503 1323 1545 1369 ex

271 1413 404 1479 Homeri
428 1415 625 1481 carminibus
649 1417 798 1498 pendeat,
824 1433 894 1480 cum
919 1414 993 1478 aliis
1017 1432 1057 1478 ex
1081 1413 1178 1477 rebus
1202 1417 1270 1492 tum
1285 1430 1322 1476 eo
1339 1411 1392 1476 vel
1407 1411 1545 1476 maxime

271 1520 423 1604 cernitur,
456 1523 537 1602 quod
566 1523 760 1604 particulam
784 1521 825 1599 δὲ,
851 1540 931 1602 quae
955 1526 1089 1587 uocatur
1113 1510 1306 1582 ἇιοοδοτικὸν
1329 1523 1364 1583 et
1385 1519 1419 1583 in
1442 1518 1548 1584 iliade

271 1628 400 1694 circiter
431 1627 652 1713 quinquagies,
680 1631 714 1694 in
738 1631 887 1712 Odyssea
917 1627 1110 1712 quadragies
1139 1627 1247 1710 posita
1279 1624 1370 1710 cml),
1394 1624 1428 1690 in
1451 1625 1548 1690 initio

271 1735 420 1817 apodosis
443 1737 515 1817 plus
532 1737 725 1818 quadragies
743 1737 898 1820 adhibuit,
923 1755 991 1801 cum
1009 1737 1093 1818 apud
1110 1734 1330 1817 Thucydidem
1347 1733 1428 1798 haec
1443 1731 1549 1814 parti-

270 1842 343 1906 cula
365 1841 423 1907 illa
447 1842 480 1908 vi
503 1843 627 1926 imbuta
651 1862 782 1926 perraro
807 1843 945 1926 legatur.

361 2019 381 2085 1)
399 2019 472 2073 Raro
483 2018 654 2084 Thucydides
667 2018 700 2071 ab
714 2019 763 2071 hac
778 2018 998 2073 enuntiationum
1013 2019 1190 2074 collocatione
1207 2019 1312 2072 recedit
1328 2016 1552 2088 velutfisubiecto

271 2105 341 2174 quod
366 2108 469 2175 protasi
494 2114 522 2161 et
545 2107 655 2176 apodosi
674 2124 813 2162 commune
832 2114 874 2163 est
893 2113 955 2176 post
974 2108 1190 2164 coniunctionem
1209 2107 1299 2176 posito
1318 2109 1332 2160 I
1351 2111 1383 2160 28
1402 2095 1476 2161 Ἑοι
1488 2105 1553 2178 cdl]

271 2195 304 2250 de*
329 2193 510 2250 ἐπύθοντο
537 2202 569 2250 οἱ
594 2199 814 2268 Κορκυραῖοι
834 2195 884 2268 τὴν
903 2196 1087 2270 παρασκευὴν,
1108 2193 1238 2257 ἐλθόντες
1258 2195 1286 2257 ἐς
1310 2192 1454 2268 Κόρινθον
1473 2194 1554 2266 μετὰ

270 2288 498 2355 Λακεδαιμονίων
524 2292 570 2338 καὶ
598 2287 759 2340 Σικυωνίων
785 2289 929 2357 πρέσβειον,
956 2286 1002 2347 οὓς
1029 2289 1189 2358 παρέλαβον,
1217 2285 1344 2340 ἐκέλευον
1372 2287 1556 2356 Κορινθίοις

272 2373 332 2434 τοὺς
359 2373 389 2428 ἐν
412 2366 567 2447 Ἐπιδάμνῳ
597 2371 732 2446 φρουρούς
762 2396 790 2430 τε
807 2379 860 2438 ιιιιιὶ
887 2373 1031 2448 οἰκήτορας
1055 2368 1190 2450 οἷιιιὶγειν·
1221 2376 1256 2436 ὥς
1282 2369 1313 2429 οὖ
1339 2375 1424 2446 μετὸν
1451 2366 1555 2436 codrot}-

269 2455 444 2534 'o'matpaa
474 2463 507 2518 ef.
527 2464 601 2518 146.
620 2468 664 2518 4e.
684 2467 726 2519 aa.
748 2467 806 2532 128,
826 2465 915 2519 1178.

359 2553 381 2622 2)
400 2553 434 2608 cf.
453 2553 604 2624 Ebeling
623 2554 741 2609 Lexicon
760 2555 931 2622 Homericum
950 2555 1001 2610 vol.
1021 2557 1042 2610 I.
1062 2574 1081 2610 s.
1101 2573 1126 2611 v.
1147 2539 1178 2610 δέΙ
1194 2571 1238 2624 pg.
1259 2556 1319 2608 277.
