3374 5272
279 547 424 615 dentiam
456 546 652 630 singulorum
684 549 855 613 verborum
886 547 943 613 sed
974 545 1073 612 etiam
1109 547 1343 614 sententiarum
1375 549 1552 616 ascribunt.

280 653 506 720 Definitionem
530 671 639 720 eorum
660 653 968 736 secutosequidem,
992 653 1026 738 id
1041 654 1124 735 quod
1139 654 1204 720 iam
1221 653 1253 720 in
1270 654 1377 737 priore
1399 675 1553 722 commcn-

280 759 406 827 tatione
429 761 468 826 de
491 759 675 844 pleonasmo
695 761 879 827 Herodoteo
903 758 1047 826 breuiter
1070 760 1214 845 exposui,
1238 762 1299 828 dno
1323 781 1445 845 genera
1468 763 1553 845 pleo-

212 855 213 860 ’
280 886 462 934 nasmorum
495 866 718 951 discreverim,
751 886 846 935 unum
879 867 1111 935 abundantiam
1144 869 1342 952 singulorum
1375 873 1554 953 verborum,

279 975 417 1042 alterum
443 973 681 1042 sententiarum
711 974 889 1041 continens.
942 974 1048 1041 Priori
1076 976 1189 1059 generi
1217 977 1445 1045 attribuendae
1478 977 1554 1044 mihi

279 1081 432 1150 videntur
453 1082 625 1149 nonnullae
648 1083 772 1166 figurae
788 1082 1022 1150 abundantiam
1041 1082 1223 1150 indicantes
1239 1081 1330 1151 velut
1344 1083 1554 1167 periphrasis,

278 1189 383 1272 figura
405 1187 629 1272 etymologica,
653 1187 764 1256 litotes
788 1189 842 1256 vel
865 1189 1075 1273 antiphrasis,
1103 1189 1219 1255 deinde
1248 1190 1417 1275 nominum,
1440 1192 1553 1257 verbo-

278 1314 358 1378 rum,
381 1294 614 1378 particularum
630 1293 845 1380 pleonasmus,
861 1296 977 1378 quibus
991 1297 1032 1362 de
1047 1298 1144 1363 rebus
1156 1297 1212 1362 hl.
1229 1295 1379 1363 disserui.
1407 1297 1554 1364 Alterum

279 1421 401 1484 quoque
435 1419 548 1484 genus·
569 1401 652 1483 qnod
679 1420 765 1468 nunc
796 1401 973 1469 tractaturi
1005 1421 1113 1469 sumus
1146 1400 1353 1485 amplectitur
1382 1404 1554 1470 nonnullas

278 1509 399 1590 figuras
422 1509 512 1574 velut
527 1507 725 1589 anaphoram
742 1513 776 1574 et
791 1507 1011 1591 epanalepsim
1027 1527 1065 1574 eo
1089 1509 1216 1592 quidem
1240 1529 1336 1576 sensu
1353 1529 1445 1592 quern
1469 1510 1555 1577 infra

280 1613 522 1697 explicabimus
554 1616 736 1680 sedetiam
768 1615 830 1680 huc
856 1614 1038 1682 rettulerim
1066 1617 1221 1682 formulas
1252 1615 1327 1682 illas
1358 1617 1555 1684 sententiam

279 1719 439 1802 copiosius
462 1739 651 1802 expressam
680 1740 778 1803 saepe
801 1721 945 1788 breviter
974 1722 1026 1789 vel
1054 1721 1168 1789 iisdem
1199 1721 1308 1790 verbis
1339 1723 1499 1790 iterantes
1522 1730 1555 1790 et

280 1826 458 1909 particulas
481 1825 514 1892 in
538 1825 631 1894 initio
655 1829 832 1910 apodoseos
856 1827 979 1912 obvias,
1003 1827 1119 1911 quippe
1138 1821 1257 1911 'quibus
1274 1849 1314 1896 ea
1329 1849 1411 1912 quae
1431 1830 1573 1912 protasi·

280 1933 385 2001 allate
413 1920 490 2023 sunt
518 1934 703 2017 plerumque
730 1953 795 2002 una
824 1954 902 2002 voce
928 1935 1242 2017 comprehendantur
1273 1941 1308 2002 et
1335 1936 1456 2003 maiore
1486 1957 1555 2004 cum

282 2040 315 2118 vi
339 2040 572 2124 significentur.
620 2041 717 2108 Haud
739 2041 853 2125 ignoro
876 2059 926 2107 me
949 2061 1012 2107 non
1035 2041 1143 2108 omnia
1166 2041 1281 2124 quibus
1311 2044 1448 2109 alterum
1472 2045 1555 2126 pleo-

279 2166 463 2214 nasmorum
478 2167 579 2231 genus
595 2146 779 2215 continetur
791 2147 1102 2233 ,commemoravissa
1126 2147 1220 2231 spero
1237 2154 1356 2233 tamen,
1374 2149 1403 2216 si
1421 2167 1557 2231 eaquae

281 2255 373 2324 modo
404 2243 538 2322 laudavi
566 2260 812 2337 pertractavero
843 2273 903 2321 nec
931 2254 1032 2321 solum
1057 2254 1216 2322 Herodoti
1244 2255 1345 2321 libros
1374 2255 1557 2322 sedetiam

285 2361 510 2446 Thucydideos
525 2381 708 2446 respexero,
731 2381 782 2428 me
805 2363 846 2428 ad
870 2363 1038 2428 abundans
1057 2362 1176 2430 Graeci
1200 2361 1355 2428 sermonis
1379 2381 1481 2444 genus
1504 2363 1556 2428 de·-

283 2469 475 2552 signandum
499 2468 655 2551 simulque
678 2469 720 2538 ad
742 2468 902 2535 rationem
921 2488 1001 2550 quae
1025 2468 1112 2537 inter
1127 2467 1285 2538 Herodoti
1308 2475 1343 2534 et
1358 2467 1556 2552 Thucydidis

268 2594 385 2660 ¹genus
409 2575 536 2643 dicendi
551 2575 725 2642 intercedit
741 2574 977 2642 diiudicandam
993 2575 1114 2657 aliquid
1131 2574 1331 2642 collaturum.
1367 2574 1557 2658 Priusquam

284 2687 393 2748 autern
415 2682 537 2764 figuras
560 2681 636 2749 illas
660 2678 892 2749 abundantiam
908 2680 1099 2765 indicantes,
1123 2677 1361 2764 epanaphoram
1383 2686 1417 2748 et
1440 2701 1557 2764 epana-

285 2787 409 2872 lepsim,
432 2788 587 2856 formidas
610 2787 807 2855 sententiam
831 2787 1091 2871 complectentes,
1115 2787 1293 2870 particulas
1317 2787 1351 2854 in
1366 2787 1460 2854 initio
1483 2808 1556 2870 apo-

284 2895 398 2962 doseos
436 2894 549 2961 obvias
579 2900 830 2978 pertractemus,
863 2895 903 2960 de
934 2892 1076 2977 ratione,
1109 2914 1191 2976 quae
1222 2894 1309 2962 inter
1338 2893 1496 2961 Herodoti
1527 2899 1560 2960 et

182 3053 183 3056 ,
284 3001 481 3084 Thucydidis
504 3021 606 3085 genus
630 3000 756 3069 dicendi
779 2999 964 3084 intercedit,
987 3000 1091 3082 pauca
1114 3001 1230 3068 afferre
1253 3001 1360 3068 liceat.

817 3289 1027 3296 m

844 3540 930 3629 Cap.
959 3541 1008 3611 ΙΙ.

338 3696 391 3770 De
423 3695 594 3772 Herodoti
625 3705 664 3772 et
697 3695 923 3793 Thucydidis
954 3723 1088 3793 genere
1118 3696 1262 3771 dicendi
1295 3695 1512 3793 disputatio.

378 4017 544 4100 Quaenam
563 4015 648 4083 ratic
664 4015 751 4083 inter
767 4017 983 4105 Herodoteum
1005 4020 1040 4082 et
1056 4014 1296 4098 Thucydideum
1317 4034 1419 4098 genus
1437 4013 1563 4081 dicendi

289 4124 481 4207 intercedat,
504 4123 569 4191 iam
592 4129 722 4192 veteres
745 4124 809 4192 viri
831 4122 937 4191 critici
960 4121 1244 4210 examinaverunt3
1274 4123 1365 4189 velut
1387 4120 1563 4218 Dionysius

290 4229 396 4298 Halia.
408 4231 433 4318 ¹)
493 4237 663 4315 postquam
697 4232 875 4315 complures
910 4230 1051 4300 virtutes
1085 4224 1259 4296 historicas
1294 4227 1460 4294 Herodoti.
1486 4247 1563 4310 prae

291 4327 479 4422 Thucydide
502 4338 709 4424 collaudavit,
732 4338 841 4423 pergit
863 4337 915 4404 bis
937 4335 1063 4406 verbis:
1088 4335 1142 4400 καὶ
1166 4333 1246 4400 κατὰ
1269 4333 1328 4418 μὲν
1343 4331 1398 4398 τὸν
1413 4356 1563 4419 πραγμα-

291 4442 503 4511 trabalem
526 4439 628 4533 ἥττων
643 4442 731 4512 ἐστὶν
751 4437 916 4532 Ἡροδότου
931 4440 983 4508 διὰ
999 4450 1101 4507 ταῦτα
1121 4440 1321 4529 Θουκυδίδης.
1350 4437 1430 4503 κατὰ
1454 4438 1488 4504 δὲ
1510 4437 1564 4504 τὸν

293 4659 296 4664 .
384 4625 405 4693 1)
424 4638 466 4699 ψ,
479 4621 520 4676 aa
539 4621 696 4698 Pompeium
714 4621 748 4676 da
765 4619 884 4697 praecip.
902 4618 1043 4683 historicis
1061 4622 1086 4680 ³.
