3374 5272
753 363 792 422 13
857 433 859 436 ¹

134 587 169 646 et
191 581 390 646 Herodotum
422 578 574 660 aequales
602 574 704 641 fnisse
736 578 770 639 et
803 589 981 639 sermonem
1010 570 1170 637 Graecum
1200 569 1295 652 longo
1324 568 1411 636 inter

134 692 304 769 utrumque
338 684 445 769 spatio
469 682 623 766 temporis
647 680 819 747 interiecto
848 699 911 745 non
941 677 1079 760 amplius
1114 678 1291 744 excultum·
1309 676 1410 744 luisse

102 827 104 832 ·
135 793 365 860 autumaveris.
741 777 743 784 ’
1384 861 1388 868 .

224 901 339 981 Itaque
373 904 624 965 consentaneum
658 902 710 962 est
740 895 805 962 iam
835 914 855 960 a
885 893 1051 960 veteribus
1081 892 1220 959 dialecto
1252 891 1410 960 Herodoti

135 1007 265 1072 easdem
293 1005 362 1072 fere
390 1005 530 1073 virtutes
554 1003 733 1090 attributas
764 1019 837 1068 esse
861 1007 958 1082 atque
981 998 1127 1066 Homeri:
1152 1019 1172 1065 a
1195 997 1352 1082 Dionysio
1376 999 1410 1066 in

135 1131 254 1196 genere
277 1112 404 1180 dicendi
432 1112 616 1178 Herodoteo
644 1108 808 1176 invenitur
838 1099 930 1194 ἡδονὴ
961 1106 1016 1170 καὶ
1042 1105 1137 1192 χάρις
1164 1097 1327 1192 αὐτοφυὴς
1356 1106 1411 1170 καὶ

135 1211 360 1303 ἄβασάνιστος,
396 1216 563 1302 Longinus
598 1213 807 1298 Xenophonti
845 1211 883 1278 rh
916 1205 982 1300 ἡδύ,
1018 1212 1200 1294 Thucydidi
1233 1211 1271 1276 τὸ
1305 1213 1410 1292 καλόν,

136 1327 301 1404 Herodoto
334 1332 503 1407 utrumque
532 1322 693 1390 attribuit.
740 1322 929 1387 Athenaeus
957 1338 1028 1387 eum
1052 1339 1093 1386 ex
1116 1319 1283 1386 dulcedine
1306 1320 1411 1387 mellis

137 1435 282 1516 appellat
303 1433 481 1519 μελιγῇρυν,
506 1429 727 1515 Quintilianus
750 1429 874 1494 dulcem
898 1433 932 1493 et
956 1425 1135 1494 candidum.
1182 1425 1286 1508 Quam
1305 1428 1411 1494 mollis

136 1547 170 1607 et
193 1541 304 1608 suavis
327 1539 486 1606 dialectus
501 1535 659 1603 Herodoti
683 1535 737 1618 sit,
758 1534 979 1617 Quintilianus
989 1532 1013 1618 ¹)
1038 1532 1207 1614 praedicat
1221 1532 1272 1598 his
1288 1533 1411 1601 verbis:

136 1649 184 1732 ‘ln
206 1648 370 1714 Herodoto
399 1666 476 1713 vero
507 1664 576 1710 cum
607 1641 715 1708 omnia
737 1647 774 1708 ut
797 1661 856 1724 ego
885 1640 1012 1722 quidem
1041 1639 1145 1706 sentio
1168 1639 1286 1706 leniter
1308 1640 1413 1708 fluunt

137 1760 204 1820 tum
238 1753 311 1834 ipsa
345 1751 509 1829 διάλεκτος
543 1753 643 1818 habet
681 1769 751 1816 eam
787 1748 1030 1834 iucunditatem,
1065 1754 1102 1815 ut
1134 1749 1278 1820 latentes
1313 1750 1411 1816 etiam

137 1879 285 1927 numeros
309 1860 475 1941 complexa
498 1858 667 1924 videatur!
789 1881 791 1887 ’

89 2043 90 2046 ¹
226 1967 303 2032 Cum
331 1971 476 2033 veterum
506 1963 678 2031 sententiis
707 1968 888 2046 congruunt
916 1982 957 2029 ea
983 1981 1064 2044 quae
1088 1961 1150 2029 viri
1183 1961 1269 2028 docti
1292 1963 1413 2029 aetatis

84 2071 86 2074 ’
137 2076 270 2138 nostrae
300 2071 533 2138 iudicaverunt.
580 2071 633 2136 Hx
656 2070 767 2136 multis
790 2069 941 2135 iudicium
963 2066 1186 2154 Muelleri²)
1210 2069 1263 2134 hic
1297 2069 1413 2136 afferre

137 2179 231 2245 libet:
262 2180 349 2262 ⁷Man
376 2178 453 2244 dari
481 2179 644 2243 Herodots
675 2177 739 2243 Stil
768 2177 819 2242 als
848 2177 900 2243 die
929 2177 1134 2258 Vollendung
1161 2177 1220 2242 der
1242 2176 1332 2242 bloss
1356 2196 1412 2244 an-

139 2284 346 2366 kuiipfenden
369 2283 560 2362 Redeweise
589 2281 684 2368 (λέξις
707 2282 866 2370 εἰρομένη)
895 2282 1049 2349 ansehen.
1095 2283 1144 2352 Zu
1168 2283 1263 2348 allem
1286 2283 1414 2350 eudlieh

138 2392 262 2456 kommt
292 2392 350 2456 der
374 2392 442 2456 'Pon
471 2393 530 2456 der
554 2389 723 2473 jonischen
747 2390 910 2474 Mandant,
939 2389 1061 2455 welche
1084 2389 1240 2471 Herodot,
1267 2391 1414 2472 obgleich

141 2497 194 2561 ein
209 2496 327 2562 Dorier
342 2516 405 2563 von
422 2497 557 2581 Geburt,
573 2491 654 2563 doch
669 2515 732 2564 von
748 2497 859 2562 seinen
871 2497 1086 2578 Vorgaugern
1101 2495 1134 2561 in
1151 2498 1209 2562 der
1225 2497 1415 2563 Geschicht·

139 2603 334 2698 schreibung
372 2604 522 2686 annahm‚
561 2603 633 2669 mit·
659 2602 751 2669 ihren
787 2603 971 2685 gedehnten
1005 2603 1198 2686 Endungen‚
1236 2603 1414 2686 gehaulten
1452 2622 1453 2626 ’

139 2707 292 2794 Vocalen,
316 2710 460 2776 weichen
483 2711 633 2794 Formen,
657 2729 708 2776 uru
734 2711 793 2776 das
815 2711 919 2776 Werk
942 2712 999 2776 des
1023 2710 1170 2776 Herodot
1192 2729 1232 2775 zu
1256 2710 1359 2776 einem
1381 2712 1416 2778 in

141 2817 209 2882 sich
233 2836 268 2884 so
292 2817 539 2885 harmonischen
562 2818 627 2883 und
650 2817 684 2882 in
708 2815 814 2883 seiner
837 2818 901 2882 Art
924 2836 959 2882 so
983 2817 1240 2884 vollkommenen
1255 2817 1415 2884 Producte

141 2940 181 2987 zu
195 2923 347 3005 macheu,
371 2923 421 2988 als
434 2937 480 2989 ‘es
503 2922 557 2989 ein
579 2923 848 2989 lllenschenwerk
871 2942 933 2988 nur
956 2922 1025 2989 sein
1048 2924 1157 2988 kann!

228 3029 351 3096 Notatu
382 3036 490 3096 autem
525 3029 657 3114 dignum
690 3035 743 3096 est
776 3030 985 3112 Herodotum,
1021 3049 1210 3112 quamquam
1245 3031 1416 3099 character

141 3135 220 3218 eius,
247 3135 280 3202 id
309 3137 391 3217 quod
415 3156 514 3218 snpra
537 3136 863 3219 commemoravimus,
887 3137 983 3218 plane
1006 3136 1197 3202 Homericus
1221 3144 1282 3221 est,
1307 3144 1416 3207 tamen

140 3241 193 3306 hic
219 3241 288 3308 illic
316 3242 534 3324 sophistarum
565 3248 669 3310 artem
698 3242 826 3309 dicendi
854 3243 983 3309 habere.
1032 3242 1198 3332 Quaenam
1221 3244 1307 3309 ratio
1329 3245 1415 3312 inter

140 3347 339 3413 Herodotum
355 3354 389 3414 et
405 3349 569 3430 sophistas
584 3349 785 3416 intercedere
801 3349 961 3432 videatur,
985 3349 1106 3430 primus
1123 3349 1290 3437 Zellerss)
1307 3352 1416 3418 o'bser·

141 3454 243 3537 ravit,
271 3455 325 3536 qui
353 3455 542 3537 colloquium
570 3455 669 3522 trium
697 3455 875 3538 principum
895 3457 1079 3524 ,Persarum
1108 3458 1149 3521 ab
1178 3456 1343 3524 Herodoto
1366 3459 1419 3524 III

142 3566 274 3626 80-82
303 3562 461 3628 historiae
489 3563 648 3629 insertum
671 3563 822 3644 opinatur
844 3563 930 3650 idem
952 3562 1022 3628 fere
1045 3581 1117 3628 esse
1141 3568 1238 3644 atque
1262 3583 1418 3630 commen-

142 3667 299 3733 tationem
311 3668 345 3733 in
358 3687 393 3734 se
408 3668 548 3750 positam
561 3670 601 3735 de
616 3669 738 3751 optima
750 3668 978 3736 dominationis
994 3667 1107 3752 forma,
1123 3670 1235 3750 quales
1252 3670 1418 3751 sophistae

143 3776 380 3859 adamaverint,
412 3782 446 3842 et
474 3775 564 3841 illum
592 3777 696 3842 locum
724 3795 765 3842 ex
792 3795 854 3842 uno
883 3778 1029 3843 alterove
1057 3775 1274 3858 sophistarum
1307 3777 1418 3844 libello

143 3880 239 3948 facile
270 3883 491 3964 depromptum
522 3903 594 3949 esse
624 3883 755 3950 iudicat.
809 3883 1004 3949 Accuratius
1034 3882 1096 3948 hac
1128 3884 1169 3950 de
1199 3903 1236 3948 re
1265 3883 1420 3951 disseruit

143 3986 299 4073 Dielsll,
312 3989 365 4069 qni
378 3987 586 4076 ποικιλότητα
598 3989 757 4056 Herodoti
774 3990 838 4056 iam
851 4009 871 4055 a
883 3991 1048 4057 veteribus
1060 3995 1205 4055 notatam
1218 3991 1420 4057 demonstrat

143 4095 229 4160 cerni
259 4114 355 4176 posse
380 4114 450 4161 oum
474 4095 550 4161 aliis
574 4115 615 4162 ex
638 4099 735 4163 rebus
758 4103 824 4162 tum
849 4116 890 4162 ex
913 4096 1016 4162 forma
1040 4096 1242 4162 antitheseos
1265 4117 1418 4168 nonnum·

143 4220 237 4282 quam
267 4201 416 4267 excultae
444 4208 479 4267 et
507 4221 548 4267 ex
571 4202 712 4284 periodis
735 4221 822 4268 more
846 4202 1064 4284 sophistarum
1088 4203 1141 4283 qui
1164 4209 1231 4268 tum
1255 4204 1420 4286 viguerint

231 4377 252 4443 1)
271 4376 340 4430 lust.
360 4393 398 4431 or.
417 4375 457 4429 IX
475 4365 509 4443 4‚'
522 4379 563 4433 18.

232 4465 254 4531 2)
274 4464 440 4520 Geschiehte
458 4466 507 4520 der
524 4467 714 4535 griechischen
733 4467 889 4520 Litteratur
908 4466 921 4519 Ι
940 4465 965 4520 S.
984 4469 1045 4523 494.

231 4554 254 4619 ⁸)
273 4553 434 4610 Geschichte
453 4555 501 4608 dar
520 4554 710 4624 griechischen
729 4555 901 4622 Philosophia
920 4555 951 4607 1⁴
970 4556 996 4607 S.
1017 4558 1094 4610 1000.

231 4643 254 4709 ⁴)
274 4643 398 4697 Herodot
417 4645 472 4697 und
491 4643 649 4709 Hekataies‚
670 4644 784 4697 Hermes
803 4644 883 4696 XXII
902 4659 927 4711 p.
945 4647 1007 4699 424.
