3374 5272
632 377 635 386 ·
728 393 731 402 ·
820 339 1030 438 --.¹ss

288 550 371 622 satis
395 547 570 622 artificiose
595 553 725 636 saepius
749 552 967 620 conformatis.
1015 553 1159 636 Quonam
1189 572 1230 619 ex
1260 553 1349 622 fonte
1377 555 1561 623 Herodotus

286 664 366 729 illud
400 662 588 744 colloquium
623 661 772 728 hausisse
808 661 967 744 videatur,
1002 660 1167 742 ingeniose
1212 662 1339 743 aperuit
1380 662 1559 747 Maass.¹)

287 770 461 852 Cunmparat
499 768 583 834 enim
618 787 688 834 cum
724 767 881 834 Herodoti
916 767 1070 848 colloquio
1109 769 1211 833 locum
1250 769 1368 836 tertiae
1403 770 1560 836 orationis

287 876 453 958 Isocratis,
478 874 532 941 ubi
563 880 673 941 orator
703 875 742 941 de
766 876 878 941 eadem
901 893 936 939 re
968 879 1064 956 atque
1089 874 1250 957 principes
1274 877 1446 944 Persarum
1475 880 1559 961 apud

286 984 485 1049 Herodotum
515 983 536 1047 1.
565 983 589 1047 1.Ι
618 986 728 1064 agunt.
775 980 916 1046 Materia
945 983 1030 1063 apud
1063 987 1231 1065 utrumque
1253 1003 1315 1049 non
1340 985 1440 1050 solnm
1464 1005 1559 1068 argu-

287 1095 393 1155 mento
429 1091 485 1155 sed
520 1089 618 1154 etiam
653 1087 809 1154 orationis
844 1093 960 1154 ornatu
992 1089 1140 1173 (uterque
1173 1090 1298 1172 plebem
1331 1090 1455 1157 confert
1489 1110 1558 1158 cum

286 1197 382 1265 fluvio
411 1197 583 1280 praecipiti
611 1196 664 1278 qui
692 1195 798 1261 omnia
827 1197 993 1262 obstantia
1017 1195 1175 1281 removet)
1201 1197 1365 1264 simillima
1388 1203 1449 1282 est,
1474 1201 1558 1282 apud

286 1305 464 1371 Isocratem
499 1309 616 1387 antem,
652 1301 705 1384 qui
739 1321 873 1387 regnum
908 1322 1030 1384 quoqne
1065 1305 1193 1370 deorum
1226 1306 1266 1370 ab
1299 1306 1464 1372 Herodoto
1496 1327 1558 1373 non

207 1451 209 1455 v
287 1415 565 1476 commemoratum
595 1409 741 1493 attingit,
771 1410 866 1491 paulo
897 1409 1041 1492 amplior.
1089 1411 1141 1476 Ex
1169 1416 1264 1477 tanta
1292 1411 1379 1478 inter
1402 1413 1559 1480 Herodoti

286 1527 321 1586 et
354 1519 511 1586 Isocratis
549 1519 652 1584 locum
688 1517 899 1584 similitudine
934 1518 1045 1584 Maass
1081 1537 1137 1583 suo
1173 1518 1241 1583 iure
1276 1518 1447 1601 collegisse
1482 1520 1558 1585 mihi

232 1618 235 1626 ’
287 1627 415 1694 videtur
442 1626 532 1692 illam
562 1624 876 1708 argumentationem
906 1627 945 1691 de
974 1624 1202 1691 dominationis
1235 1625 1355 1707 optima
1387 1626 1490 1693 forma
1519 1648 1558 1692 ex

287 1753 348 1800 uiuo
383 1734 555 1814 eodemque
586 1731 674 1798 forrte
702 1731 853 1798 haustum
883 1749 964 1815 esse,
998 1749 1038 1796 ex
1069 1733 1261 1814 Protagora,
1292 1751 1382 1812 quem
1415 1733 1557 1816 Diogene

287 1840 420 1907 Laertio
445 1839 495 1904 IX
519 1843 604 1904 teste
627 1838 742 1904 librum
768 1838 843 1920 ττερλ
867 1837 1032 1914 πολιτείας
1055 1838 1271 1904 continentem
1295 1837 1415 1916 τόττοος
1438 1840 1559 1918 τοι-τοὺς

241 1991 243 1995 -
287 1956 321 2015 et
344 1946 464 2032 λόγους,
490 1945 614 2030 quinus,
639 1965 709 2011 cum
733 1945 880 2010 certain
905 1944 1069 2010 sententia
1085 1964 1148 2010 non
1164 1944 1389 2030 consisterent,
1413 1953 1449 2013 ut
1465 1949 1558 2014 collo-

288 2055 393 2136 quium
430 2073 528 2134 supra
563 2054 742 2136 laudatum,
777 2071 891 2117 nomen
926 2057 1015 2118 esset
1047 2050 1309 2136 καταβάλλοντες,
1344 2055 1559 2136 composuisse

286 2166 462 2228 constaret.
509 2161 605 2226 Hanc
633 2158 912 2225 ratiocinationem
941 2160 1053 2225 Maass
1081 2162 1268 2226 corroborat
1297 2178 1355 2225 nos
1387 2161 1558 2227 admonens

287 2269 486 2334 Herodotum
509 2267 573 2332 iam
597 2257 736 2332 Athenis
760 2271 945 2333 versantem
968 2266 1211 2348 legumlatorem
1235 2267 1426 2340 Thruiorum
1446 2286 1558 2352 cogno-

287 2373 409 2460 vissel)
437 2380 472 2440 et
495 2375 672 2439 Isocratem
696 2372 832 2456 gloriari
863 2391 898 2438 se
927 2373 1027 2438 libros
1056 2374 1256 2456 Protagorae
1286 2379 1320 2439 et
1343 2373 1558 2456 sophistarum

285 2483 355 2547 eius
387 2481 508 2547 aetatis
532 2479 678 2562 cognitos
707 2477 869 2564 haberess)
917 2479 1020 2544 Simili
1044 2481 1135 2544 modo
1163 2499 1203 2545 ex
1231 2479 1368 2544 Maassii
1398 2481 1559 2546 sententia

286 2588 496 2669 explicandus
520 2592 572 2652 est
594 2586 683 2652 locus
708 2587 785 2651 Her.
811 2585 858 2650 IV
883 2590 923 2650 26
949 2605 1033 2668 sqq,
1063 2603 1156 2666 quam
1182 2585 1395 2672 llacqyuprabu
1420 2579 1567 2674 ΣιλθτηνολνΙ

286 2696 378 2760 modo
403 2694 620 2774 sophistarum
644 2692 875 2758 conformatum
900 2691 1077 2774 significari
1101 2711 1196 2773 posse
1220 2693 1378 2773 opinatur.

301 2847 305 2857 1
349 2859 354 2874 ,
374 2801 442 2866 Nec
459 2800 559 2866 solum
578 2798 695 2882 singuli
716 2799 778 2864 loci
793 2797 971 2864 Herodotei
988 2797 1143 2880 sophistis
1160 2800 1326 2882 debentur,
1348 2801 1404 2866 sed
1420 2801 1560 2882 vestigia

287 2925 394 2971 eorum
424 2905 546 2987 passim
574 2906 607 2969 in
635 2905 728 2972 libris
753 2906 910 2970 Herodoti
933 2904 1151 2971 inueniuntur.
1199 2905 1270 2971 Hoc
1293 2908 1465 2980 tenendum
1489 2925 1559 2972 esse

286 3018 362 3096 puto
387 3013 609 3078 Kleberum
641 3010 803 3096 secutum)
828 3011 881 3093 qui
912 3031 952 3077 ex
975 3010 1134 3076 Herodoti
1164 3011 1258 3077 libris
1289 3013 1390 3078 multa
1414 3013 1558 3095 exempla

288 3119 502 3186 antitheticae
519 3118 679 3204 dictionis
696 3118 808 3202 parisi,
828 3117 1105 3202 homoeoteleusiS,
1129 3119 1350 3202 parocheseos,
1375 3138 1558 3200 paronoma-

287 3227 365 3310 siae,
401 3226 586 3308 auapborae
617 3224 878 3311 (antistrophes)‚
909 3224 1117 3308 anadiplosis,
1153 3225 1313 3308 asyndeti,
1343 3224 1558 3307 polysyndeti,

287 3331 438 3416 elimacis,
463 3332 660 3417 acclamatis,
685 3332 892 3415 hypophorae
909 3336 1085 3414 enumerat,
1110 3341 1299 3413 quamquam
1316 3330 1427 3396 dicero
1444 3331 1505 3396 hac
1520 3332 1558 3396 de

286 3460 469 3523 reprensus
494 3441 591 3506 aliter
614 3439 745 3524 iudicat,
770 3440 823 3521 qui
840 3440 959 3505 Orator
976 3437 994 3525 ξ
1013 3446 1052 3504 39
1070 3440 1268 3505 Herodotum
1293 3444 1327 3502 et
1342 3437 1559 3519 Thucydidem

285 3547 474 3630 longissime
506 3567 526 3624 a
555 3545 677 3612 talibus
708 3545 833 3612 deliciis
863 3547 914 3613 vel
946 3546 1052 3628 potius
1076 3545 1208 3627 ineptiis
1233 3544 1354 3610 afuisse
1379 3543 1467 3626 dicit,
1491 3563 1560 3610 cum

288 3654 468 3738 Thucydidi
483 3653 659 3735 Dionysius
676 3652 990 3736 HalicarnassensiS,
1011 3653 1226 3735 gravissimus
1241 3651 1297 3715 ille
1314 3656 1435 3733 auctor,
1456 3650 1560 3732 pueri-

287 3763 363 3827 lium
386 3761 562 3842 figurarum
593 3762 766 3841 exprobret
789 3758 1065 3841 multitudinem.⁵)
1112 3759 1197 3828 Illud
1226 3757 1370 3840 deniqne,
1402 3763 1438 3822 nt
1467 3755 1561 3821 huius

300 3879 455 3886 —.-—--a-—-

376 3921 398 3988 1)
416 3918 663 3984 Untersnchnngen
691 3933 741 3972 zur
768 3916 932 3972 (leschichte
960 3918 1006 3971 der
1035 3915 1224 3988 griechischen
1252 3917 1342 3982 Prusa,
1370 3917 1483 3970 Hermes
1508 3915 1562 3968 ΧΠ

287 4007 446 4077 pg.581·ff.

376 4097 398 4163 2)
417 4096 538 4162 Uterque
561 4096 689 4163 congruit
715 4095 743 4148 in
769 4095 949 4149 admiratione
968 4094 1080 4148 Periclis
1104 4093 1168 4146 Her.
1189 4094 1229 4146 VI
1264 4094 1311 4147 131
1340 4100 1368 4147 et
1393 4094 1561 4160 Protagoras

288 4187 358 4254 apum
379 4185 558 4239 Plutarchum
578 4183 682 4237 ilorusol.
702 4185 736 4236 ad
755 4184 930 4250 Apollonium
949 4200 969 4236 c.
990 4187 1024 4236 33
1044 4199 1067 4250 p.
1088 4185 1148 4236 271.

375 4274 397 4339 3)
417 4273 521 4327 Helena
534 4272 580 4342 §2
600 4280 650 4326 νῦν
670 4274 701 4326 «λέ
719 4277 758 4331 τίς
779 4271 853 4325 ἐστιν
873 4269 958 4331 ο“τως
977 4263 1131 4342 ὅψιμτιθής,
1153 4268 1225 4331 ὅστις
1243 4263 1292 4325 oda
1306 4271 1360 4324 cide
1378 4268 1562 4342 [Ipornyo'pnv

287 4368 334 4420 καὶ
360 4361 422 4423 τοῖς
449 4353 508 4416 κατ’
535 4361 643 4416 ἐκεῖνον
669 4359 715 4416 τὸν
739 4357 842 4432 χρόνον
866 4356 1004 4428 σοφιστάς,
1029 4355 1070 4414 ὅτι
1096 4363 1142 4414 καὶ
1169 4367 1282 4414 τοιαῦτα
1303 4362 1348 4413 καὶ
1372 4358 1439 4414 πολὶΙ
1461 4355 1562 4414 τούτων

287 4452 554 4524 πραγματωδέστερα
574 4446 779 4521 συγγράμματα
800 4451 949 4503 κατέλιπον
971 4441 1047 4520 putu

374 4541 396 4607 4)
416 4540 567 4606 degenere
586 4537 693 4592 dicendi
711 4537 866 4591 Herodoteo
884 4553 929 4605 pg.
951 4540 984 4592 19
1003 4554 1059 4605 sqq.
1081 4541 1083 4546 ’

375 4628 397 4696 ⁵)
406 4627 524 4696 Figurae
532 4626 603 4694 apud
610 4625 779 4679 Herodotum
786 4624 867 4680 aliter
875 4640 980 4694 quoqne
989 4625 1118 4695 explicari
1126 4639 1179 4678 non
1186 4624 1296 4692 ign0r0;
1307 4622 1384 4676 velut
1394 4621 1419 4676 N
1424 4622 1433 4676 i
1442 4622 1562 4678 escbke
