<?xml version="1.0" encoding="UTF-8"?>
<!DOCTYPE html PUBLIC "-//W3C//DTD XHTML 1.0 Transitional//EN"
    "http://www.w3.org/TR/xhtml1/DTD/xhtml1-transitional.dtd">
<html xmlns="http://www.w3.org/1999/xhtml" xml:lang="en" lang="en">
 <head>
  <title>
</title>
<meta http-equiv="Content-Type" content="text/html;charset=utf-8" />
  <meta name='ocr-system' content='tesseract 3.04.00' />
  <meta name='ocr-capabilities' content='ocr_page ocr_carea ocr_par ocr_line ocrx_word'/>
</head>
<body>
  <div class='ocr_page' id='page_1' title='image "./deabundantigene00amrhgoog_0057.png"; bbox 0 0 3374 5272; ppageno 0'>
   <div class='ocr_carea' id='block_1_1' title="bbox 241 359 1533 1491">
    <p class='ocr_par' dir='ltr' id='par_1_1' title="bbox 241 359 1533 1491">
     <span class='ocr_line' id='line_1_1' title="bbox 785 359 995 454; baseline 0 0"><span class='ocrx_word' id='word_1_1' title='bbox 785 359 995 454; x_wconf 41' lang='lat' dir='ltr'>„mm</span> 
     </span>
     <span class='ocr_line' id='line_1_2' title="bbox 254 565 1532 656; baseline 0.002 -22"><span class='ocrx_word' id='word_1_2' title='bbox 254 565 387 652; x_wconf 88' lang='lat' dir='ltr'>iaceret,</span> <span class='ocrx_word' id='word_1_3' title='bbox 412 567 497 651; x_wconf 86' lang='lat' dir='ltr'>apud</span> <span class='ocrx_word' id='word_1_4' title='bbox 514 567 686 633; x_wconf 83' lang='lat' dir='ltr'>Thebanos</span> <span class='ocrx_word' id='word_1_5' title='bbox 703 575 894 636; x_wconf 88' lang='lat' dir='ltr'>convocatos</span> <span class='ocrx_word' id='word_1_6' title='bbox 912 569 977 656; x_wconf 87' lang='lat' dir='ltr'>(IX</span> <span class='ocrx_word' id='word_1_7' title='bbox 992 567 1050 654; x_wconf 86' lang='grc'>87)</span> <span class='ocrx_word' id='word_1_8' title='bbox 1067 567 1251 653; x_wconf 58' lang='lat' dir='ltr'>,Quoniam</span> <span class='ocrx_word' id='word_1_9' title='bbox 1275 569 1387 653; x_wconf 92' lang='lat' dir='ltr'>inquit,</span> <span class='ocrx_word' id='word_1_10' title='bbox 1404 570 1532 654; x_wconf 80' lang='lat' dir='ltr'>,Graeci</span> 
     </span>
     <span class='ocr_line' id='line_1_3' title="bbox 254 673 1533 760; baseline 0.002 -18"><span class='ocrx_word' id='word_1_11' title='bbox 254 673 584 742; x_wconf 82' lang='grc'><strong>1111111111111111</strong></span> <span class='ocrx_word' id='word_1_12' title='bbox 613 674 702 756; x_wconf 89' lang='lat' dir='ltr'>prius</span> <span class='ocrx_word' id='word_1_13' title='bbox 729 676 881 743; x_wconf 82' lang='lat' dir='ltr'>recedere</span> <span class='ocrx_word' id='word_1_14' title='bbox 910 695 1004 759; x_wconf 83' lang='lat' dir='ltr'>quam</span> <span class='ocrx_word' id='word_1_15' title='bbox 1033 681 1090 742; x_wconf 87' lang='lat' dir='ltr'>aut</span> <span class='ocrx_word' id='word_1_16' title='bbox 1113 676 1243 743; x_wconf 81' lang='lat' dir='ltr'>Thebas</span> <span class='ocrx_word' id='word_1_17' title='bbox 1274 678 1533 760; x_wconf 77' lang='lat' dir='ltr'>expugnaverint</span> 
     </span>
     <span class='ocr_line' id='line_1_4' title="bbox 254 769 1531 869; baseline 0.002 -20"><span class='ocrx_word' id='word_1_18' title='bbox 254 791 311 849; x_wconf 93' lang='lat' dir='ltr'>aut</span> <span class='ocrx_word' id='word_1_19' title='bbox 333 803 392 850; x_wconf 92' lang='lat' dir='ltr'>nos</span> <span class='ocrx_word' id='word_1_20' title='bbox 422 782 469 848; x_wconf 91' lang='lat' dir='ltr'>eis</span> <span class='ocrx_word' id='word_1_21' title='bbox 493 781 705 866; x_wconf 79' lang='lat' dir='ltr'>tradideritis,</span> <span class='ocrx_word' id='word_1_22' title='bbox 734 769 798 848; x_wconf 79' lang='lat' dir='ltr'>sam</span> <span class='ocrx_word' id='word_1_23' title='bbox 829 783 916 868; x_wconf 89' lang='grc'><strong>(1.1.</strong></span> <span class='ocrx_word' id='word_1_24' title='bbox 948 783 1003 850; x_wconf 90' lang='grc'><strong>1111</strong></span> <span class='ocrx_word' id='word_1_25' title='bbox 1033 802 1074 849; x_wconf 95' lang='lat' dir='ltr'>ex</span> <span class='ocrx_word' id='word_1_26' title='bbox 1101 783 1260 869; x_wconf 87' lang='lat' dir='ltr'>tempore)</span> <span class='ocrx_word' id='word_1_27' title='bbox 1293 789 1406 851; x_wconf 88' lang='lat' dir='ltr'>nostra</span> <span class='ocrx_word' id='word_1_28' title='bbox 1434 803 1531 851; x_wconf 87' lang='lat' dir='ltr'>causa</span> 
     </span>
     <span class='ocr_line' id='line_1_5' title="bbox 254 885 1530 974; baseline 0.002 -19"><span class='ocrx_word' id='word_1_29' title='bbox 254 890 390 956; x_wconf 89' lang='lat' dir='ltr'>Boeotia</span> <span class='ocrx_word' id='word_1_30' title='bbox 425 885 562 972; x_wconf 88' lang='lat' dir='ltr'>amplius</span> <span class='ocrx_word' id='word_1_31' title='bbox 597 907 637 954; x_wconf 91' lang='lat' dir='ltr'>ne</span> <span class='ocrx_word' id='word_1_32' title='bbox 672 889 894 971; x_wconf 63' lang='lat' dir='ltr'>perpetiatur?</span> <span class='ocrx_word' id='word_1_33' title='bbox 947 891 1047 974; x_wconf 81' lang='lat' dir='ltr'>Quem</span> <span class='ocrx_word' id='word_1_34' title='bbox 1082 909 1235 957; x_wconf 88' lang='lat' dir='ltr'>conexum</span> <span class='ocrx_word' id='word_1_35' title='bbox 1271 890 1299 958; x_wconf 93' lang='lat' dir='ltr'>si</span> <span class='ocrx_word' id='word_1_36' title='bbox 1333 890 1530 974; x_wconf 71' lang='lat' dir='ltr'>respicimur,</span> 
     </span>
     <span class='ocr_line' id='line_1_6' title="bbox 254 983 1531 1082; baseline 0 -19"><span class='ocrx_word' id='word_1_37' title='bbox 254 997 456 1080; x_wconf 87' lang='lat' dir='ltr'>perspicuum</span> <span class='ocrx_word' id='word_1_38' title='bbox 473 997 510 1062; x_wconf 90' lang='lat' dir='ltr'>iit</span> <span class='ocrx_word' id='word_1_39' title='bbox 533 995 711 1078; x_wconf 85' lang='lat' dir='ltr'>particulas</span> <span class='ocrx_word' id='word_1_40' title='bbox 735 1004 788 1060; x_wconf 78' lang='grc' dir='ltr'>νῦν</span> <span class='ocrx_word' id='word_1_41' title='bbox 813 983 856 1060; x_wconf 77' lang='grc' dir='ltr'>ὧν</span> <span class='ocrx_word' id='word_1_42' title='bbox 879 997 938 1062; x_wconf 93' lang='lat' dir='ltr'>hoc</span> <span class='ocrx_word' id='word_1_43' title='bbox 953 997 1022 1064; x_wconf 91' lang='lat' dir='ltr'>loco</span> <span class='ocrx_word' id='word_1_44' title='bbox 1037 997 1167 1064; x_wconf 89' lang='lat' dir='ltr'>minime</span> <span class='ocrx_word' id='word_1_45' title='bbox 1184 997 1358 1082; x_wconf 89' lang='lat' dir='ltr'>abundare,</span> <span class='ocrx_word' id='word_1_46' title='bbox 1376 997 1531 1064; x_wconf 91' lang='lat' dir='ltr'>sedidem</span> 
     </span>
     <span class='ocr_line' id='line_1_7' title="bbox 253 1097 1529 1186; baseline 0 -16"><span class='ocrx_word' id='word_1_47' title='bbox 253 1097 322 1170; x_wconf 81' lang='lat' dir='ltr'>fere</span> <span class='ocrx_word' id='word_1_48' title='bbox 353 1104 463 1170; x_wconf 88' lang='lat' dir='ltr'>valere</span> <span class='ocrx_word' id='word_1_49' title='bbox 492 1107 589 1185; x_wconf 88' lang='lat' dir='ltr'>atque</span> <span class='ocrx_word' id='word_1_50' title='bbox 617 1102 805 1170; x_wconf 89' lang='lat' dir='ltr'>adverbium</span> <span class='ocrx_word' id='word_1_51' title='bbox 836 1099 985 1168; x_wconf 72' lang='grc' dir='ltr'><strong><em>ἐνθεῦτεν</em></strong></span> <span class='ocrx_word' id='word_1_52' title='bbox 1015 1103 1145 1186; x_wconf 87' lang='lat' dir='ltr'>saepius</span> <span class='ocrx_word' id='word_1_53' title='bbox 1173 1104 1207 1170; x_wconf 92' lang='lat' dir='ltr'>iu</span> <span class='ocrx_word' id='word_1_54' title='bbox 1237 1104 1370 1186; x_wconf 89' lang='lat' dir='ltr'>apodosi</span> <span class='ocrx_word' id='word_1_55' title='bbox 1393 1105 1529 1172; x_wconf 90' lang='lat' dir='ltr'>obvium.</span> 
     </span>
     <span class='ocr_line' id='line_1_8' title="bbox 241 1207 1530 1294; baseline 0 -17"><span class='ocrx_word' id='word_1_56' title='bbox 241 1207 473 1293; x_wconf 73' lang='lat' dir='ltr'>&#39;Timagenidis</span> <span class='ocrx_word' id='word_1_57' title='bbox 500 1210 638 1276; x_wconf 88' lang='lat' dir='ltr'>maxime</span> <span class='ocrx_word' id='word_1_58' title='bbox 667 1209 827 1276; x_wconf 79' lang='lat' dir='ltr'>intererat</span> <span class='ocrx_word' id='word_1_59' title='bbox 854 1210 1066 1292; x_wconf 89' lang='lat' dir='ltr'>pronuntiare</span> <span class='ocrx_word' id='word_1_60' title='bbox 1097 1227 1195 1278; x_wconf 87' lang='lat' dir='ltr'>suum·</span> <span class='ocrx_word' id='word_1_61' title='bbox 1217 1230 1290 1278; x_wconf 89' lang='lat' dir='ltr'>esse</span> <span class='ocrx_word' id='word_1_62' title='bbox 1313 1211 1467 1294; x_wconf 89' lang='lat' dir='ltr'>impedire</span> <span class='ocrx_word' id='word_1_63' title='bbox 1488 1231 1530 1277; x_wconf 90' lang='grc'>11</span> 
     </span>
     <span class='ocr_line' id='line_1_9' title="bbox 255 1317 1530 1402; baseline 0.001 -19"><span class='ocrx_word' id='word_1_64' title='bbox 255 1317 411 1400; x_wconf 81' lang='lat' dir='ltr'>Thebani,</span> <span class='ocrx_word' id='word_1_65' title='bbox 435 1337 505 1384; x_wconf 88' lang='lat' dir='ltr'>eum</span> <span class='ocrx_word' id='word_1_66' title='bbox 528 1322 660 1400; x_wconf 87' lang='lat' dir='ltr'>propter</span> <span class='ocrx_word' id='word_1_67' title='bbox 683 1317 788 1399; x_wconf 90' lang='lat' dir='ltr'>ipsum</span> <span class='ocrx_word' id='word_1_68' title='bbox 811 1317 930 1400; x_wconf 86' lang='lat' dir='ltr'>viginti</span> <span class='ocrx_word' id='word_1_69' title='bbox 954 1335 1012 1399; x_wconf 88' lang='lat' dir='ltr'>per</span> <span class='ocrx_word' id='word_1_70' title='bbox 1035 1317 1104 1383; x_wconf 91' lang='lat' dir='ltr'>dies</span> <span class='ocrx_word' id='word_1_71' title='bbox 1129 1317 1307 1401; x_wconf 85' lang='lat' dir='ltr'>oppugnati</span> <span class='ocrx_word' id='word_1_72' title='bbox 1322 1324 1442 1402; x_wconf 87' lang='lat' dir='ltr'>essent,</span> <span class='ocrx_word' id='word_1_73' title='bbox 1465 1319 1530 1384; x_wconf 91' lang='lat' dir='ltr'>iam</span> 
     </span>
     <span class='ocr_line' id='line_1_10' title="bbox 254 1423 604 1491; baseline -0.003 0"><span class='ocrx_word' id='word_1_74' title='bbox 254 1423 374 1491; x_wconf 88' lang='lat' dir='ltr'>diutius</span> <span class='ocrx_word' id='word_1_75' title='bbox 398 1429 604 1491; x_wconf 86' lang='lat' dir='ltr'>vexarentur.</span> 
     </span>
    </p>
   </div>
   <div class='ocr_carea' id='block_1_2' title="bbox 254 1577 1528 1780">
    <p class='ocr_par' dir='ltr' id='par_1_2' title="bbox 254 1577 1528 1780">
     <span class='ocr_line' id='line_1_11' title="bbox 254 1577 1528 1672; baseline 0.001 -23"><span class='ocrx_word' id='word_1_76' title='bbox 254 1583 341 1650; x_wconf 81' lang='grc' dir='ltr'><strong><em>ἐπεί</em></strong></span> <span class='ocrx_word' id='word_1_77' title='bbox 366 1581 544 1672; x_wconf 75' lang='grc' dir='ltr'>(ἐπειδή)</span> <span class='ocrx_word' id='word_1_78' title='bbox 568 1622 612 1632; x_wconf 89' lang='grc'>-</span> <span class='ocrx_word' id='word_1_79' title='bbox 631 1582 729 1669; x_wconf 84' lang='grc' dir='ltr'><strong><em>πρὸς</em></strong></span> <span class='ocrx_word' id='word_1_80' title='bbox 751 1593 872 1648; x_wconf 81' lang='grc' dir='ltr'><strong><em>ταῦτα</em></strong></span> <span class='ocrx_word' id='word_1_81' title='bbox 896 1584 965 1651; x_wconf 84' lang='lat' dir='ltr'>sive</span> <span class='ocrx_word' id='word_1_82' title='bbox 988 1583 1083 1666; x_wconf 80' lang='grc' dir='ltr'><strong><em>μετὰ</em></strong></span> <span class='ocrx_word' id='word_1_83' title='bbox 1107 1593 1229 1650; x_wconf 83' lang='grc' dir='ltr'><strong><em>ταῦτα</em></strong></span> <span class='ocrx_word' id='word_1_84' title='bbox 1253 1577 1407 1672; x_wconf 71' lang='grc' dir='ltr'><strong><em>(αὐτίκα</em></strong></span> <span class='ocrx_word' id='word_1_85' title='bbox 1429 1585 1528 1668; x_wconf 76' lang='grc' dir='ltr'><strong><em>μετὰ</em></strong></span> 
     </span>
     <span class='ocr_line' id='line_1_12' title="bbox 445 1687 1337 1780; baseline 0.003 -26"><span class='ocrx_word' id='word_1_86' title='bbox 445 1692 578 1776; x_wconf 76' lang='grc' dir='ltr'><strong><em>ταῦτα)</em></strong></span> <span class='ocrx_word' id='word_1_87' title='bbox 604 1687 641 1756; x_wconf 75' lang='grc' dir='ltr'>ἓν</span> <span class='ocrx_word' id='word_1_88' title='bbox 664 1689 795 1778; x_wconf 79' lang='grc' dir='ltr'><strong><em>τοότιγ</em></strong></span> <span class='ocrx_word' id='word_1_89' title='bbox 819 1691 889 1758; x_wconf 84' lang='lat' dir='ltr'>sive</span> <span class='ocrx_word' id='word_1_90' title='bbox 913 1689 952 1756; x_wconf 74' lang='grc' dir='ltr'>ἐν</span> <span class='ocrx_word' id='word_1_91' title='bbox 976 1690 1097 1778; x_wconf 81' lang='grc' dir='ltr'><strong><em>τούτῳ</em></strong></span> <span class='ocrx_word' id='word_1_92' title='bbox 1121 1700 1175 1778; x_wconf 74' lang='grc' dir='ltr'>11γῖ</span> <span class='ocrx_word' id='word_1_93' title='bbox 1195 1691 1337 1780; x_wconf 60' lang='grc' dir='ltr'><strong><em>χρόνς.</em></strong></span> 
     </span>
    </p>
   </div>
   <div class='ocr_carea' id='block_1_3' title="bbox 163 1851 1608 4171">
    <p class='ocr_par' dir='ltr' id='par_1_3' title="bbox 163 1851 1608 3962">
     <span class='ocr_line' id='line_1_13' title="bbox 341 1851 1531 1936; baseline 0.001 -17"><span class='ocrx_word' id='word_1_94' title='bbox 341 1853 472 1919; x_wconf 88' lang='lat' dir='ltr'>Initium</span> <span class='ocrx_word' id='word_1_95' title='bbox 497 1851 646 1934; x_wconf 91' lang='lat' dir='ltr'>apodosis</span> <span class='ocrx_word' id='word_1_96' title='bbox 670 1851 856 1933; x_wconf 79' lang='lat' dir='ltr'>prenomine</span> <span class='ocrx_word' id='word_1_97' title='bbox 881 1852 1135 1920; x_wconf 87' lang='lat' dir='ltr'>demonstrativo</span> <span class='ocrx_word' id='word_1_98' title='bbox 1152 1852 1203 1919; x_wconf 91' lang='lat' dir='ltr'>cui</span> <span class='ocrx_word' id='word_1_99' title='bbox 1219 1852 1417 1934; x_wconf 87' lang='lat' dir='ltr'>praepositio</span> <span class='ocrx_word' id='word_1_100' title='bbox 1432 1874 1531 1936; x_wconf 90' lang='lat' dir='ltr'>appo-</span> 
     </span>
     <span class='ocr_line' id='line_1_14' title="bbox 254 1959 1532 2054; baseline 0.001 -28"><span class='ocrx_word' id='word_1_101' title='bbox 254 1961 320 2026; x_wconf 90' lang='lat' dir='ltr'>sita</span> <span class='ocrx_word' id='word_1_102' title='bbox 336 1965 388 2026; x_wconf 91' lang='lat' dir='ltr'>est</span> <span class='ocrx_word' id='word_1_103' title='bbox 403 1965 550 2026; x_wconf 88' lang='lat' dir='ltr'>notatum</span> <span class='ocrx_word' id='word_1_104' title='bbox 566 1979 629 2025; x_wconf 91' lang='lat' dir='ltr'>uon</span> <span class='ocrx_word' id='word_1_105' title='bbox 645 1978 719 2025; x_wconf 88' lang='lat' dir='ltr'>raro</span> <span class='ocrx_word' id='word_1_106' title='bbox 735 1959 819 2040; x_wconf 89' lang='lat' dir='ltr'>apud</span> <span class='ocrx_word' id='word_1_107' title='bbox 836 1959 1034 2026; x_wconf 89' lang='lat' dir='ltr'>Herodotum</span> <span class='ocrx_word' id='word_1_108' title='bbox 1050 1960 1179 2054; x_wconf 83' lang='lat' dir='ltr'>legitur.</span> <span class='ocrx_word' id='word_1_109' title='bbox 1216 1961 1286 2026; x_wconf 93' lang='lat' dir='ltr'>Hoc</span> <span class='ocrx_word' id='word_1_110' title='bbox 1301 1961 1370 2026; x_wconf 91' lang='lat' dir='ltr'>loco</span> <span class='ocrx_word' id='word_1_111' title='bbox 1385 1961 1532 2027; x_wconf 89' lang='lat' dir='ltr'>breviter</span> 
     </span>
     <span class='ocr_line' id='line_1_15' title="bbox 253 2062 1530 2154; baseline 0.001 -21"><span class='ocrx_word' id='word_1_112' title='bbox 253 2067 480 2149; x_wconf 90' lang='lat' dir='ltr'>disputandum</span> <span class='ocrx_word' id='word_1_113' title='bbox 501 2066 564 2132; x_wconf 90' lang='lat' dir='ltr'>erit</span> <span class='ocrx_word' id='word_1_114' title='bbox 587 2067 626 2132; x_wconf 88' lang='lat' dir='ltr'>dc</span> <span class='ocrx_word' id='word_1_115' title='bbox 650 2065 792 2147; x_wconf 88' lang='lat' dir='ltr'>periodis</span> <span class='ocrx_word' id='word_1_116' title='bbox 809 2062 881 2130; x_wconf 80' lang='grc' dir='ltr'><strong><em>ἐπεὶ</em></strong></span> <span class='ocrx_word' id='word_1_117' title='bbox 905 2065 975 2132; x_wconf 90' lang='lat' dir='ltr'>sive</span> <span class='ocrx_word' id='word_1_118' title='bbox 999 2063 1108 2154; x_wconf 73' lang='grc' dir='ltr'><strong><em>ἐπειδὴ</em></strong></span> <span class='ocrx_word' id='word_1_119' title='bbox 1132 2067 1355 2134; x_wconf 88' lang='grc'><strong>111111111111</strong></span> <span class='ocrx_word' id='word_1_120' title='bbox 1370 2067 1530 2135; x_wconf 83' lang='lat' dir='ltr'>formatis.</span> 
     </span>
     <span class='ocr_line' id='line_1_16' title="bbox 253 2161 1531 2258; baseline -0.001 -16"><span class='ocrx_word' id='word_1_121' title='bbox 253 2175 324 2242; x_wconf 88' lang='lat' dir='ltr'>Uno</span> <span class='ocrx_word' id='word_1_122' title='bbox 341 2174 410 2241; x_wconf 85' lang='lat' dir='ltr'>loco</span> <span class='ocrx_word' id='word_1_123' title='bbox 425 2161 562 2256; x_wconf 80' lang='lat' dir='ltr'>legimus</span> <span class='ocrx_word' id='word_1_124' title='bbox 581 2172 724 2238; x_wconf 90' lang='grc'><strong>11111111</strong></span> <span class='ocrx_word' id='word_1_125' title='bbox 748 2172 898 2254; x_wconf 90' lang='lat' dir='ltr'>apodosis</span> <span class='ocrx_word' id='word_1_126' title='bbox 922 2171 1004 2257; x_wconf 81' lang='grc' dir='ltr'><strong><em>πρὸς</em></strong></span> <span class='ocrx_word' id='word_1_127' title='bbox 1027 2181 1128 2236; x_wconf 83' lang='grc' dir='ltr'><strong><em>ταῦτα</em></strong></span> <span class='ocrx_word' id='word_1_128' title='bbox 1144 2173 1175 2258; x_wconf 87' lang='grc' dir='ltr'>(Ι</span> <span class='ocrx_word' id='word_1_129' title='bbox 1194 2172 1282 2258; x_wconf 85' lang='grc'><strong>165),</strong></span> <span class='ocrx_word' id='word_1_130' title='bbox 1306 2175 1428 2240; x_wconf 88' lang='lat' dir='ltr'>duobus</span> <span class='ocrx_word' id='word_1_131' title='bbox 1448 2169 1531 2241; x_wconf 90' lang='lat' dir='ltr'>locis</span> 
     </span>
     <span class='ocr_line' id='line_1_17' title="bbox 252 2271 1533 2366; baseline 0.003 -23"><span class='ocrx_word' id='word_1_132' title='bbox 252 2280 333 2362; x_wconf 72' lang='grc' dir='ltr'>μετὰ</span> <span class='ocrx_word' id='word_1_133' title='bbox 353 2279 459 2344; x_wconf 72' lang='grc' dir='ltr'><strong><em>’ταῦτα</em></strong></span> <span class='ocrx_word' id='word_1_134' title='bbox 487 2278 530 2363; x_wconf 89' lang='lat' dir='ltr'>(V</span> <span class='ocrx_word' id='word_1_135' title='bbox 555 2284 606 2362; x_wconf 84' lang='lat'>55,</span> <span class='ocrx_word' id='word_1_136' title='bbox 631 2278 678 2344; x_wconf 91' lang='lat' dir='ltr'>VI</span> <span class='ocrx_word' id='word_1_137' title='bbox 701 2277 768 2364; x_wconf 78' lang='lat'>84),</span> <span class='ocrx_word' id='word_1_138' title='bbox 793 2278 915 2346; x_wconf 81' lang='lat' dir='ltr'>duobus</span> <span class='ocrx_word' id='word_1_139' title='bbox 944 2279 1024 2346; x_wconf 80' lang='lat' dir='ltr'>locis</span> <span class='ocrx_word' id='word_1_140' title='bbox 1054 2271 1168 2343; x_wconf 75' lang='grc' dir='ltr'><strong><em>αὐτίκα</em></strong></span> <span class='ocrx_word' id='word_1_141' title='bbox 1197 2279 1277 2360; x_wconf 79' lang='grc' dir='ltr'><strong><em>μετὰ</em></strong></span> <span class='ocrx_word' id='word_1_142' title='bbox 1307 2288 1409 2344; x_wconf 80' lang='grc' dir='ltr'><strong><em>ταῦτα</em></strong></span> <span class='ocrx_word' id='word_1_143' title='bbox 1427 2280 1533 2366; x_wconf 85' lang='lat' dir='ltr'>¹(VIII</span> 
     </span>
     <span class='ocr_line' id='line_1_18' title="bbox 163 2381 1538 2480; baseline -0.001 -27"><span class='ocrx_word' id='word_1_144' title='bbox 163 2391 165 2394; x_wconf 82' lang='grc'><strong>’</strong></span> <span class='ocrx_word' id='word_1_145' title='bbox 256 2395 328 2472; x_wconf 82' lang='lat' dir='ltr'>loa,</span> <span class='ocrx_word' id='word_1_146' title='bbox 353 2388 403 2454; x_wconf 88' lang='lat' dir='ltr'>IX</span> <span class='ocrx_word' id='word_1_147' title='bbox 427 2383 491 2470; x_wconf 80' lang='grc'>93),</span> <span class='ocrx_word' id='word_1_148' title='bbox 516 2386 637 2451; x_wconf 90' lang='lat' dir='ltr'>duobus</span> <span class='ocrx_word' id='word_1_149' title='bbox 661 2385 741 2450; x_wconf 90' lang='lat' dir='ltr'>locis</span> <span class='ocrx_word' id='word_1_150' title='bbox 770 2381 802 2448; x_wconf 81' lang='grc' dir='ltr'>ἒν</span> <span class='ocrx_word' id='word_1_151' title='bbox 829 2381 933 2472; x_wconf 77' lang='grc' dir='ltr'><strong><em>τούτῳ</em></strong></span> <span class='ocrx_word' id='word_1_152' title='bbox 958 2385 1055 2470; x_wconf 89' lang='lat' dir='ltr'>(VIII</span> <span class='ocrx_word' id='word_1_153' title='bbox 1079 2392 1119 2450; x_wconf 84' lang='lat'>37</span> <span class='ocrx_word' id='word_1_154' title='bbox 1143 2386 1188 2451; x_wconf 91' lang='lat' dir='ltr'>iu.</span> <span class='ocrx_word' id='word_1_155' title='bbox 1213 2385 1349 2471; x_wconf 83' lang='grc'><strong>1111),</strong></span> <span class='ocrx_word' id='word_1_156' title='bbox 1374 2386 1538 2480; x_wconf 79' lang='grc' dir='ltr'>1111111ι</span> 
     </span>
     <span class='ocr_line' id='line_1_19' title="bbox 254 2489 1532 2580; baseline -0.004 -20"><span class='ocrx_word' id='word_1_157' title='bbox 254 2499 285 2560; x_wconf 81' lang='grc' dir='ltr'>έν</span> <span class='ocrx_word' id='word_1_158' title='bbox 312 2492 415 2580; x_wconf 77' lang='grc' dir='ltr'><strong><em>τούτῳ</em></strong></span> <span class='ocrx_word' id='word_1_159' title='bbox 438 2501 484 2578; x_wconf 76' lang='grc' dir='ltr'>τῴ</span> <span class='ocrx_word' id='word_1_160' title='bbox 511 2491 613 2577; x_wconf 80' lang='grc' dir='ltr'><strong><em>χρόνῳ</em></strong></span> <span class='ocrx_word' id='word_1_161' title='bbox 637 2492 703 2577; x_wconf 88' lang='grc' dir='ltr'>(ΙΧ</span> <span class='ocrx_word' id='word_1_162' title='bbox 727 2490 793 2576; x_wconf 80' lang='grc'>56),</span> <span class='ocrx_word' id='word_1_163' title='bbox 822 2493 944 2559; x_wconf 80' lang='lat' dir='ltr'>duobus</span> <span class='ocrx_word' id='word_1_164' title='bbox 974 2493 1053 2558; x_wconf 83' lang='lat' dir='ltr'>locis</span> <span class='ocrx_word' id='word_1_165' title='bbox 1084 2489 1116 2556; x_wconf 81' lang='grc' dir='ltr'>ἒν</span> <span class='ocrx_word' id='word_1_166' title='bbox 1143 2491 1246 2577; x_wconf 80' lang='grc' dir='ltr'><strong><em>τούτῳ</em></strong></span> <span class='ocrx_word' id='word_1_167' title='bbox 1271 2491 1336 2579; x_wconf 78' lang='grc' dir='ltr'>(δὴ)</span> <span class='ocrx_word' id='word_1_168' title='bbox 1361 2501 1406 2576; x_wconf 73' lang='grc' dir='ltr'>τῷ</span> <span class='ocrx_word' id='word_1_169' title='bbox 1429 2501 1532 2578; x_wconf 70' lang='grc' dir='ltr'><strong><em>καιρῷ</em></strong></span> 
     </span>
     <span class='ocr_line' id='line_1_20' title="bbox 254 2598 1529 2694; baseline -0.002 -27"><span class='ocrx_word' id='word_1_170' title='bbox 254 2602 297 2687; x_wconf 87' lang='lat' dir='ltr'>(V</span> <span class='ocrx_word' id='word_1_171' title='bbox 321 2607 373 2685; x_wconf 85' lang='lat'>97,</span> <span class='ocrx_word' id='word_1_172' title='bbox 396 2600 479 2668; x_wconf 81' lang='lat' dir='ltr'>VIII</span> <span class='ocrx_word' id='word_1_173' title='bbox 503 2598 570 2684; x_wconf 78' lang='lat'><strong>87).</strong></span> <span class='ocrx_word' id='word_1_174' title='bbox 618 2599 793 2694; x_wconf 79' lang='lat' dir='ltr'>Quaeritur</span> <span class='ocrx_word' id='word_1_175' title='bbox 825 2618 918 2680; x_wconf 90' lang='lat' dir='ltr'>quam</span> <span class='ocrx_word' id='word_1_176' title='bbox 941 2601 981 2664; x_wconf 94' lang='lat' dir='ltr'>ob</span> <span class='ocrx_word' id='word_1_177' title='bbox 1006 2618 1136 2665; x_wconf 90' lang='lat' dir='ltr'>causam</span> <span class='ocrx_word' id='word_1_178' title='bbox 1160 2599 1348 2681; x_wconf 91' lang='lat' dir='ltr'>pronomina</span> <span class='ocrx_word' id='word_1_179' title='bbox 1371 2599 1428 2665; x_wconf 87' lang='grc'><strong>1111</strong></span> <span class='ocrx_word' id='word_1_180' title='bbox 1458 2619 1529 2666; x_wconf 91' lang='lat' dir='ltr'>cum</span> 
     </span>
     <span class='ocr_line' id='line_1_21' title="bbox 252 2705 1532 2804; baseline -0.002 -30"><span class='ocrx_word' id='word_1_181' title='bbox 252 2707 492 2790; x_wconf 89' lang='lat' dir='ltr'>praepositione</span> <span class='ocrx_word' id='word_1_182' title='bbox 521 2705 691 2772; x_wconf 91' lang='lat' dir='ltr'>coniuncta</span> <span class='ocrx_word' id='word_1_183' title='bbox 722 2725 742 2770; x_wconf 93' lang='lat' dir='ltr'>a</span> <span class='ocrx_word' id='word_1_184' title='bbox 771 2705 929 2786; x_wconf 85' lang='lat' dir='ltr'>scriptore</span> <span class='ocrx_word' id='word_1_185' title='bbox 961 2705 994 2770; x_wconf 89' lang='lat' dir='ltr'>iu</span> <span class='ocrx_word' id='word_1_186' title='bbox 1024 2705 1117 2771; x_wconf 89' lang='lat' dir='ltr'>initio</span> <span class='ocrx_word' id='word_1_187' title='bbox 1145 2706 1295 2804; x_wconf 85' lang='lat' dir='ltr'>apodosis</span> <span class='ocrx_word' id='word_1_188' title='bbox 1326 2706 1434 2788; x_wconf 90' lang='lat' dir='ltr'>posita</span> <span class='ocrx_word' id='word_1_189' title='bbox 1457 2725 1532 2772; x_wconf 88' lang='lat' dir='ltr'>esse</span> 
     </span>
     <span class='ocr_line' id='line_1_22' title="bbox 252 2813 1531 2893; baseline -0.002 -11"><span class='ocrx_word' id='word_1_190' title='bbox 252 2816 432 2882; x_wconf 90' lang='lat' dir='ltr'>videantur.</span> <span class='ocrx_word' id='word_1_191' title='bbox 491 2813 735 2879; x_wconf 88' lang='lat' dir='ltr'>Perlustrantes</span> <span class='ocrx_word' id='word_1_192' title='bbox 775 2831 830 2878; x_wconf 91' lang='lat' dir='ltr'>eos</span> <span class='ocrx_word' id='word_1_193' title='bbox 869 2832 947 2893; x_wconf 87' lang='lat' dir='ltr'>quos</span> <span class='ocrx_word' id='word_1_194' title='bbox 982 2813 1072 2877; x_wconf 88' lang='lat' dir='ltr'>modo</span> <span class='ocrx_word' id='word_1_195' title='bbox 1108 2813 1289 2886; x_wconf 81' lang='lat' dir='ltr'>attulimus</span> <span class='ocrx_word' id='word_1_196' title='bbox 1311 2813 1397 2878; x_wconf 90' lang='lat' dir='ltr'>locos</span> <span class='ocrx_word' id='word_1_197' title='bbox 1433 2813 1531 2880; x_wconf 82' lang='lat' dir='ltr'>facile</span> 
     </span>
     <span class='ocr_line' id='line_1_23' title="bbox 252 2899 1532 3001; baseline 0 -15"><span class='ocrx_word' id='word_1_198' title='bbox 252 2921 452 2990; x_wconf 88' lang='lat' dir='ltr'>inveniemus</span> <span class='ocrx_word' id='word_1_199' title='bbox 487 2918 610 2985; x_wconf 87' lang='lat' dir='ltr'>voculis</span> <span class='ocrx_word' id='word_1_200' title='bbox 648 2918 713 2984; x_wconf 90' lang='lat' dir='ltr'>illis</span> <span class='ocrx_word' id='word_1_201' title='bbox 752 2917 955 2999; x_wconf 89' lang='lat' dir='ltr'>interpositis</span> <span class='ocrx_word' id='word_1_202' title='bbox 992 2899 1151 2984; x_wconf 76' lang='lat' dir='ltr'>rationem</span> <span class='ocrx_word' id='word_1_203' title='bbox 1191 2919 1277 2984; x_wconf 91' lang='lat' dir='ltr'>inter</span> <span class='ocrx_word' id='word_1_204' title='bbox 1306 2919 1461 3001; x_wconf 90' lang='lat' dir='ltr'>protasim</span> <span class='ocrx_word' id='word_1_205' title='bbox 1496 2926 1532 2986; x_wconf 92' lang='lat' dir='ltr'>et</span> 
     </span>
     <span class='ocr_line' id='line_1_24' title="bbox 253 3023 1532 3110; baseline -0.002 -16"><span class='ocrx_word' id='word_1_206' title='bbox 253 3028 416 3110; x_wconf 89' lang='lat' dir='ltr'>apodosim</span> <span class='ocrx_word' id='word_1_207' title='bbox 451 3026 621 3093; x_wconf 84' lang='lat' dir='ltr'>dilucidius</span> <span class='ocrx_word' id='word_1_208' title='bbox 645 3023 836 3107; x_wconf 84' lang='lat' dir='ltr'>significari:</span> <span class='ocrx_word' id='word_1_209' title='bbox 873 3025 963 3090; x_wconf 91' lang='lat' dir='ltr'>velut</span> <span class='ocrx_word' id='word_1_210' title='bbox 993 3043 1033 3094; x_wconf 86' lang='lat' dir='ltr'>ea</span> <span class='ocrx_word' id='word_1_211' title='bbox 1068 3043 1149 3105; x_wconf 89' lang='lat' dir='ltr'>quae</span> <span class='ocrx_word' id='word_1_212' title='bbox 1183 3024 1317 3107; x_wconf 90' lang='lat' dir='ltr'>apodosi</span> <span class='ocrx_word' id='word_1_213' title='bbox 1351 3025 1532 3092; x_wconf 87' lang='lat' dir='ltr'>afferuntur</span> 
     </span>
     <span class='ocr_line' id='line_1_25' title="bbox 252 3124 1530 3218; baseline -0.004 -18"><span class='ocrx_word' id='word_1_214' title='bbox 252 3134 407 3216; x_wconf 89' lang='lat' dir='ltr'>protasim</span> <span class='ocrx_word' id='word_1_215' title='bbox 433 3131 622 3218; x_wconf 86' lang='lat' dir='ltr'>(extemplo)</span> <span class='ocrx_word' id='word_1_216' title='bbox 655 3131 753 3213; x_wconf 90' lang='lat' dir='ltr'>sequi,</span> <span class='ocrx_word' id='word_1_217' title='bbox 787 3132 818 3195; x_wconf 90' lang='lat' dir='ltr'>in</span> <span class='ocrx_word' id='word_1_218' title='bbox 853 3131 946 3196; x_wconf 90' lang='lat' dir='ltr'>initio</span> <span class='ocrx_word' id='word_1_219' title='bbox 978 3131 1128 3213; x_wconf 89' lang='lat' dir='ltr'>apodosis</span> <span class='ocrx_word' id='word_1_220' title='bbox 1158 3129 1239 3211; x_wconf 83' lang='grc' dir='ltr'><strong><em>μετὰ</em></strong></span> <span class='ocrx_word' id='word_1_221' title='bbox 1269 3139 1370 3194; x_wconf 79' lang='grc' dir='ltr'><strong><em>ταῦτα</em></strong></span> <span class='ocrx_word' id='word_1_222' title='bbox 1401 3124 1530 3216; x_wconf 74' lang='grc' dir='ltr'><strong><em>(αὐτίκα</em></strong></span> 
     </span>
     <span class='ocr_line' id='line_1_26' title="bbox 251 3237 1531 3324; baseline -0.001 -21"><span class='ocrx_word' id='word_1_223' title='bbox 251 3238 332 3322; x_wconf 83' lang='grc' dir='ltr'><strong><em>μετὰ</em></strong></span> <span class='ocrx_word' id='word_1_224' title='bbox 349 3240 463 3324; x_wconf 66' lang='grc' dir='ltr'><strong><em>ταῦτα)</em></strong></span> <span class='ocrx_word' id='word_1_225' title='bbox 480 3239 601 3306; x_wconf 89' lang='lat' dir='ltr'>voculis</span> <span class='ocrx_word' id='word_1_226' title='bbox 619 3237 819 3320; x_wconf 80' lang='lat' dir='ltr'>exprimitur,</span> <span class='ocrx_word' id='word_1_227' title='bbox 835 3256 874 3304; x_wconf 90' lang='lat' dir='ltr'>ea</span> <span class='ocrx_word' id='word_1_228' title='bbox 890 3255 971 3318; x_wconf 86' lang='lat' dir='ltr'>quae</span> <span class='ocrx_word' id='word_1_229' title='bbox 987 3237 1112 3318; x_wconf 89' lang='lat' dir='ltr'>protasi</span> <span class='ocrx_word' id='word_1_230' title='bbox 1128 3243 1162 3303; x_wconf 91' lang='lat' dir='ltr'>et</span> <span class='ocrx_word' id='word_1_231' title='bbox 1177 3237 1310 3319; x_wconf 89' lang='lat' dir='ltr'>apodosi</span> <span class='ocrx_word' id='word_1_232' title='bbox 1325 3237 1531 3303; x_wconf 87' lang='lat' dir='ltr'>continentur</span> 
     </span>
     <span class='ocr_line' id='line_1_27' title="bbox 252 3340 1530 3429; baseline -0.003 -16"><span class='ocrx_word' id='word_1_233' title='bbox 252 3367 312 3413; x_wconf 88' lang='lat' dir='ltr'>uuo</span> <span class='ocrx_word' id='word_1_234' title='bbox 343 3348 514 3426; x_wconf 89' lang='lat' dir='ltr'>eodemque</span> <span class='ocrx_word' id='word_1_235' title='bbox 545 3350 689 3425; x_wconf 88' lang='lat' dir='ltr'>tempore</span> <span class='ocrx_word' id='word_1_236' title='bbox 718 3344 808 3409; x_wconf 84' lang='lat' dir='ltr'>iacta</span> <span class='ocrx_word' id='word_1_237' title='bbox 837 3361 910 3409; x_wconf 91' lang='lat' dir='ltr'>esse</span> <span class='ocrx_word' id='word_1_238' title='bbox 938 3340 970 3407; x_wconf 75' lang='grc' dir='ltr'>ἐν</span> <span class='ocrx_word' id='word_1_239' title='bbox 1001 3340 1105 3428; x_wconf 79' lang='grc' dir='ltr'><strong><em>τούτῳ</em></strong></span> <span class='ocrx_word' id='word_1_240' title='bbox 1138 3341 1186 3429; x_wconf 89' lang='lat' dir='ltr'>(id</span> <span class='ocrx_word' id='word_1_241' title='bbox 1214 3345 1296 3424; x_wconf 87' lang='lat' dir='ltr'>quod</span> <span class='ocrx_word' id='word_1_242' title='bbox 1325 3343 1409 3409; x_wconf 94' lang='lat' dir='ltr'>idem</span> <span class='ocrx_word' id='word_1_243' title='bbox 1439 3343 1530 3409; x_wconf 86' lang='lat' dir='ltr'>valet</span> 
     </span>
     <span class='ocr_line' id='line_1_28' title="bbox 251 3446 1530 3536; baseline -0.006 -16"><span class='ocrx_word' id='word_1_244' title='bbox 251 3459 347 3535; x_wconf 81' lang='lat' dir='ltr'>atque</span> <span class='ocrx_word' id='word_1_245' title='bbox 379 3449 411 3518; x_wconf 73' lang='grc' dir='ltr'>ἐν</span> <span class='ocrx_word' id='word_1_246' title='bbox 441 3449 544 3536; x_wconf 72' lang='grc' dir='ltr'><strong><em>τούτῳ</em></strong></span> <span class='ocrx_word' id='word_1_247' title='bbox 573 3459 617 3534; x_wconf 71' lang='grc' dir='ltr'>τῷ</span> <span class='ocrx_word' id='word_1_248' title='bbox 644 3447 762 3535; x_wconf 78' lang='grc' dir='ltr'><strong><em>χρόνῳ)</em></strong></span> <span class='ocrx_word' id='word_1_249' title='bbox 794 3449 863 3515; x_wconf 84' lang='lat' dir='ltr'>sive</span> <span class='ocrx_word' id='word_1_250' title='bbox 894 3446 926 3512; x_wconf 76' lang='grc' dir='ltr'>ἐν</span> <span class='ocrx_word' id='word_1_251' title='bbox 956 3448 1059 3534; x_wconf 79' lang='grc' dir='ltr'><strong><em>τσότιγ</em></strong></span> <span class='ocrx_word' id='word_1_252' title='bbox 1092 3447 1157 3535; x_wconf 71' lang='grc' dir='ltr'>(δὴ)</span> <span class='ocrx_word' id='word_1_253' title='bbox 1188 3457 1233 3534; x_wconf 71' lang='grc' dir='ltr'>τῳ</span> <span class='ocrx_word' id='word_1_254' title='bbox 1264 3457 1365 3535; x_wconf 68' lang='grc' dir='ltr'><strong><em>καιρῷ</em></strong></span> <span class='ocrx_word' id='word_1_255' title='bbox 1397 3448 1466 3515; x_wconf 84' lang='lat' dir='ltr'>sive</span> <span class='ocrx_word' id='word_1_256' title='bbox 1496 3446 1530 3513; x_wconf 78' lang='grc' dir='ltr'>ἓν</span> 
     </span>
     <span class='ocr_line' id='line_1_29' title="bbox 250 3549 1528 3646; baseline -0.002 -22"><span class='ocrx_word' id='word_1_257' title='bbox 250 3558 354 3646; x_wconf 72' lang='grc' dir='ltr'><strong><em>τούτῳ</em></strong></span> <span class='ocrx_word' id='word_1_258' title='bbox 378 3549 424 3644; x_wconf 70' lang='grc' dir='ltr'>τῷ</span> <span class='ocrx_word' id='word_1_259' title='bbox 445 3556 547 3644; x_wconf 78' lang='grc' dir='ltr'><strong><em>χρόνῳ</em></strong></span> <span class='ocrx_word' id='word_1_260' title='bbox 570 3558 826 3638; x_wconf 67' lang='lat' dir='ltr'>demonstratum</span> <span class='ocrx_word' id='word_1_261' title='bbox 852 3562 965 3621; x_wconf 88' lang='lat' dir='ltr'>contra</span> <span class='ocrx_word' id='word_1_262' title='bbox 988 3575 1025 3621; x_wconf 93' lang='lat' dir='ltr'>eo</span> <span class='ocrx_word' id='word_1_263' title='bbox 1048 3557 1117 3622; x_wconf 88' lang='lat' dir='ltr'>loco</span> <span class='ocrx_word' id='word_1_264' title='bbox 1140 3575 1200 3636; x_wconf 90' lang='lat' dir='ltr'>quo</span> <span class='ocrx_word' id='word_1_265' title='bbox 1225 3552 1298 3620; x_wconf 77' lang='grc' dir='ltr'><strong><em>ἐπεὶ</em></strong></span> <span class='ocrx_word' id='word_1_266' title='bbox 1314 3556 1528 3622; x_wconf 87' lang='grc'><strong>111111111111</strong></span> 
     </span>
     <span class='ocr_line' id='line_1_30' title="bbox 250 3648 1529 3746; baseline -0.005 -14"><span class='ocrx_word' id='word_1_267' title='bbox 250 3667 300 3733; x_wconf 88' lang='lat' dir='ltr'>vis</span> <span class='ocrx_word' id='word_1_268' title='bbox 329 3665 470 3732; x_wconf 88' lang='lat' dir='ltr'>causalis</span> <span class='ocrx_word' id='word_1_269' title='bbox 500 3664 596 3746; x_wconf 91' lang='lat' dir='ltr'>inest,</span> <span class='ocrx_word' id='word_1_270' title='bbox 629 3663 663 3727; x_wconf 89' lang='lat' dir='ltr'>in</span> <span class='ocrx_word' id='word_1_271' title='bbox 692 3662 786 3728; x_wconf 90' lang='lat' dir='ltr'>initio</span> <span class='ocrx_word' id='word_1_272' title='bbox 816 3663 966 3744; x_wconf 90' lang='lat' dir='ltr'>apodosis</span> <span class='ocrx_word' id='word_1_273' title='bbox 997 3663 1122 3743; x_wconf 88' lang='lat' dir='ltr'>positas</span> <span class='ocrx_word' id='word_1_274' title='bbox 1150 3648 1295 3728; x_wconf 85' lang='lat' dir='ltr'>videmus</span> <span class='ocrx_word' id='word_1_275' title='bbox 1323 3681 1419 3729; x_wconf 88' lang='lat' dir='ltr'>voces</span> <span class='ocrx_word' id='word_1_276' title='bbox 1448 3659 1529 3746; x_wconf 72' lang='grc' dir='ltr'><strong><em>πρὸς</em></strong></span> 
     </span>
     <span class='ocr_line' id='line_1_31' title="bbox 250 3769 1527 3850; baseline -0.001 -15"><span class='ocrx_word' id='word_1_277' title='bbox 250 3780 359 3848; x_wconf 83' lang='grc' dir='ltr'><strong><em>ταῦτα,</em></strong></span> <span class='ocrx_word' id='word_1_278' title='bbox 384 3771 433 3836; x_wconf 90' lang='grc'>111</span> <span class='ocrx_word' id='word_1_279' title='bbox 456 3777 492 3837; x_wconf 86' lang='lat' dir='ltr'>ut</span> <span class='ocrx_word' id='word_1_280' title='bbox 515 3770 562 3835; x_wconf 91' lang='lat' dir='ltr'>eis</span> <span class='ocrx_word' id='word_1_281' title='bbox 579 3789 678 3835; x_wconf 90' lang='lat' dir='ltr'>causa</span> <span class='ocrx_word' id='word_1_282' title='bbox 701 3787 782 3850; x_wconf 90' lang='lat' dir='ltr'>quac</span> <span class='ocrx_word' id='word_1_283' title='bbox 806 3769 929 3849; x_wconf 90' lang='lat' dir='ltr'>protasi</span> <span class='ocrx_word' id='word_1_284' title='bbox 947 3769 1129 3834; x_wconf 89' lang='lat' dir='ltr'>continetur</span> <span class='ocrx_word' id='word_1_285' title='bbox 1145 3774 1306 3849; x_wconf 90' lang='lat' dir='ltr'>tamquam</span> <span class='ocrx_word' id='word_1_286' title='bbox 1323 3770 1527 3850; x_wconf 88' lang='lat' dir='ltr'>comprehen-</span> 
     </span>
     <span class='ocr_line' id='line_1_32' title="bbox 249 3859 1608 3962; baseline -0.004 -17"><span class='ocrx_word' id='word_1_287' title='bbox 249 3881 355 3945; x_wconf 87' lang='lat' dir='ltr'>datur.</span> <span class='ocrx_word' id='word_1_288' title='bbox 403 3878 494 3962; x_wconf 79' lang='lat' dir='ltr'>Quod</span> <span class='ocrx_word' id='word_1_289' title='bbox 517 3883 554 3942; x_wconf 90' lang='lat' dir='ltr'>ut</span> <span class='ocrx_word' id='word_1_290' title='bbox 577 3877 793 3958; x_wconf 87' lang='lat' dir='ltr'>ostendamus,</span> <span class='ocrx_word' id='word_1_291' title='bbox 818 3876 986 3941; x_wconf 90' lang='lat' dir='ltr'>nonnullos</span> <span class='ocrx_word' id='word_1_292' title='bbox 1000 3876 1096 3961; x_wconf 21' lang='lat' dir='ltr'>,locos</span> <span class='ocrx_word' id='word_1_293' title='bbox 1120 3875 1172 3940; x_wconf 92' lang='grc'><strong>1111</strong></span> <span class='ocrx_word' id='word_1_294' title='bbox 1196 3875 1359 3941; x_wconf 88' lang='lat' dir='ltr'>ascribere</span> <span class='ocrx_word' id='word_1_295' title='bbox 1383 3876 1478 3942; x_wconf 88' lang='lat' dir='ltr'>libet:</span> <span class='ocrx_word' id='word_1_296' title='bbox 1605 3859 1608 3864; x_wconf 15' lang='grc' dir='ltr'><strong>Δ</strong></span> 
     </span>
    </p>

    <p class='ocr_par' dir='ltr' id='par_1_4' title="bbox 294 3979 1528 4171">
     <span class='ocr_line' id='line_1_33' title="bbox 294 3979 1528 4068; baseline -0.005 -17"><span class='ocrx_word' id='word_1_297' title='bbox 294 3985 390 4052; x_wconf 84' lang='grc'><strong>1165</strong></span> <span class='ocrx_word' id='word_1_298' title='bbox 419 3981 455 4046; x_wconf 80' lang='grc' dir='ltr'>Οἱ</span> <span class='ocrx_word' id='word_1_299' title='bbox 479 3982 512 4046; x_wconf 72' lang='grc' dir='ltr'>δὲ</span> <span class='ocrx_word' id='word_1_300' title='bbox 537 3986 705 4058; x_wconf 74' lang='grc' dir='ltr'><strong>Φωκαιέες,</strong></span> <span class='ocrx_word' id='word_1_301' title='bbox 731 3980 803 4046; x_wconf 80' lang='grc' dir='ltr'><strong><em>ἐπεί</em></strong></span> <span class='ocrx_word' id='word_1_302' title='bbox 825 3987 861 4046; x_wconf 82' lang='grc' dir='ltr'>τέ</span> <span class='ocrx_word' id='word_1_303' title='bbox 877 4002 938 4068; x_wconf 77' lang='grc' dir='ltr'><strong><em>στγι</em></strong></span> <span class='ocrx_word' id='word_1_304' title='bbox 955 3989 1033 4045; x_wconf 86' lang='grc' dir='ltr'><strong><em>Χῖοι</em></strong></span> <span class='ocrx_word' id='word_1_305' title='bbox 1057 3980 1115 4057; x_wconf 76' lang='grc' dir='ltr'>τὰς</span> <span class='ocrx_word' id='word_1_306' title='bbox 1137 3980 1251 4067; x_wconf 78' lang='grc' dir='ltr'><em>νήσους</em></span> <span class='ocrx_word' id='word_1_307' title='bbox 1274 3979 1331 4057; x_wconf 80' lang='grc' dir='ltr'>τὰς</span> <span class='ocrx_word' id='word_1_308' title='bbox 1354 3979 1528 4059; x_wconf 75' lang='grc' dir='ltr'><strong><em>Οἰνούσσας</em></strong></span> 
     </span>
     <span class='ocr_line' id='line_1_34' title="bbox 381 4079 1526 4171; baseline -0.002 -16"><span class='ocrx_word' id='word_1_309' title='bbox 381 4092 572 4171; x_wconf 79' lang='grc' dir='ltr'><strong><em>καλεομένας</em></strong></span> <span class='ocrx_word' id='word_1_310' title='bbox 612 4079 666 4152; x_wconf 84' lang='grc' dir='ltr'>οόκ</span> <span class='ocrx_word' id='word_1_311' title='bbox 698 4083 864 4170; x_wconf 74' lang='grc' dir='ltr'><strong><em>ἐβούλοντο</em></strong></span> <span class='ocrx_word' id='word_1_312' title='bbox 901 4080 1104 4168; x_wconf 83' lang='grc' dir='ltr'><strong><em>ιόνεομένοισι</em></strong></span> <span class='ocrx_word' id='word_1_313' title='bbox 1135 4088 1272 4152; x_wconf 75' lang='grc' dir='ltr'><strong><em>πωλέειν</em></strong></span> <span class='ocrx_word' id='word_1_314' title='bbox 1304 4087 1526 4170; x_wconf 79' lang='grc' dir='ltr'><strong><em>δειμαίνοντες,</em></strong></span> 
     </span>
    </p>
   </div>
   <div class='ocr_carea' id='block_1_4' title="bbox 293 4187 1545 4709">
    <p class='ocr_par' dir='ltr' id='par_1_5' title="bbox 370 4187 1526 4389">
     <span class='ocr_line' id='line_1_35' title="bbox 380 4187 1526 4286; baseline -0.003 -25"><span class='ocrx_word' id='word_1_315' title='bbox 380 4198 424 4286; x_wconf 77' lang='grc' dir='ltr'>μὴ</span> <span class='ocrx_word' id='word_1_316' title='bbox 451 4196 485 4262; x_wconf 79' lang='grc' dir='ltr'>αἱ</span> <span class='ocrx_word' id='word_1_317' title='bbox 513 4197 570 4280; x_wconf 80' lang='grc' dir='ltr'>μὲν</span> <span class='ocrx_word' id='word_1_318' title='bbox 598 4194 751 4284; x_wconf 76' lang='grc' dir='ltr'><strong><em>ἐμπόριον</em></strong></span> <span class='ocrx_word' id='word_1_319' title='bbox 779 4201 941 4280; x_wconf 77' lang='grc' dir='ltr'><strong><em>γένωνται,</em></strong></span> <span class='ocrx_word' id='word_1_320' title='bbox 970 4189 988 4282; x_wconf 78' lang='grc' dir='ltr'><em>ἡ</em></span> <span class='ocrx_word' id='word_1_321' title='bbox 1012 4195 1045 4260; x_wconf 75' lang='grc' dir='ltr'>δὲ</span> <span class='ocrx_word' id='word_1_322' title='bbox 1074 4188 1179 4260; x_wconf 72' lang='grc' dir='ltr'><strong><em>αὐτῶν</em></strong></span> <span class='ocrx_word' id='word_1_323' title='bbox 1202 4205 1295 4283; x_wconf 80' lang='grc' dir='ltr'><strong><em>νῆσος</em></strong></span> <span class='ocrx_word' id='word_1_324' title='bbox 1318 4187 1526 4283; x_wconf 74' lang='grc' dir='ltr'><strong><em>οἷπσκληῑσθῇ</em></strong></span> 
     </span>
     <span class='ocr_line' id='line_1_36' title="bbox 370 4300 1328 4389; baseline -0.003 -19"><span class='ocrx_word' id='word_1_325' title='bbox 370 4304 496 4372; x_wconf 79' lang='grc' dir='ltr'><strong><em>’τούτου</em></strong></span> <span class='ocrx_word' id='word_1_326' title='bbox 519 4303 643 4382; x_wconf 76' lang='grc' dir='ltr'><strong><em>εἵνεκεν,</em></strong></span> <span class='ocrx_word' id='word_1_327' title='bbox 668 4302 771 4389; x_wconf 86' lang='grc' dir='ltr'><strong><em>πρὸς</em></strong></span> <span class='ocrx_word' id='word_1_328' title='bbox 794 4313 923 4367; x_wconf 78' lang='grc' dir='ltr'><strong><em>ταῦτα</em></strong></span> <span class='ocrx_word' id='word_1_329' title='bbox 947 4300 1130 4368; x_wconf 79' lang='grc' dir='ltr'><strong><em>ἐστέλλοντο</em></strong></span> <span class='ocrx_word' id='word_1_330' title='bbox 1154 4301 1186 4379; x_wconf 76' lang='grc' dir='ltr'>ἐς</span> <span class='ocrx_word' id='word_1_331' title='bbox 1209 4301 1328 4388; x_wconf 80' lang='grc' dir='ltr'><strong><em>Κύρνον</em></strong></span> 
     </span>
    </p>

    <p class='ocr_par' dir='ltr' id='par_1_6' title="bbox 293 4403 1545 4709">
     <span class='ocr_line' id='line_1_37' title="bbox 293 4403 1526 4494; baseline -0.004 -15"><span class='ocrx_word' id='word_1_332' title='bbox 293 4413 322 4478; x_wconf 82' lang='lat' dir='ltr'>V</span> <span class='ocrx_word' id='word_1_333' title='bbox 347 4419 387 4479; x_wconf 85' lang='lat'>55</span> <span class='ocrx_word' id='word_1_334' title='bbox 411 4403 503 4476; x_wconf 76' lang='grc' dir='ltr'><strong><em>Ἐπεὶ</em></strong></span> <span class='ocrx_word' id='word_1_335' title='bbox 519 4406 698 4494; x_wconf 73' lang='grc' dir='ltr'><strong><em>Ἵππαρχον</em></strong></span> <span class='ocrx_word' id='word_1_336' title='bbox 728 4409 783 4474; x_wconf 84' lang='grc' dir='ltr'>τὸν</span> <span class='ocrx_word' id='word_1_337' title='bbox 807 4407 1049 4492; x_wconf 76' lang='grc' dir='ltr'><strong><em>Πεισιστράτου,</em></strong></span> <span class='ocrx_word' id='word_1_338' title='bbox 1078 4403 1214 4474; x_wconf 78' lang='grc' dir='ltr'><strong><em>Ἱππίεω</em></strong></span> <span class='ocrx_word' id='word_1_339' title='bbox 1238 4408 1270 4474; x_wconf 76' lang='grc' dir='ltr'>δὲ</span> <span class='ocrx_word' id='word_1_340' title='bbox 1293 4417 1350 4472; x_wconf 78' lang='grc' dir='ltr'>τοῦ</span> <span class='ocrx_word' id='word_1_341' title='bbox 1374 4408 1526 4494; x_wconf 83' lang='grc' dir='ltr'><strong><em>τορόννοο</em></strong></span> 
     </span>
     <span class='ocr_line' id='line_1_38' title="bbox 381 4511 1545 4606; baseline -0.001 -24"><span class='ocrx_word' id='word_1_342' title='bbox 381 4511 544 4606; x_wconf 71' lang='grc' dir='ltr'><strong><em>ἀδελφεόν,</em></strong></span> <span class='ocrx_word' id='word_1_343' title='bbox 570 4517 676 4583; x_wconf 77' lang='grc' dir='ltr'><strong><em>ἰδόντα</em></strong></span> <span class='ocrx_word' id='word_1_344' title='bbox 693 4512 771 4602; x_wconf 77' lang='grc' dir='ltr'><strong><em>όψιν</em></strong></span> <span class='ocrx_word' id='word_1_345' title='bbox 788 4516 934 4582; x_wconf 75' lang='grc' dir='ltr'><strong><em>ε’νοιτνίοο</em></strong></span> <span class='ocrx_word' id='word_1_346' title='bbox 952 4515 1011 4604; x_wconf 73' lang='grc' dir='ltr'>[τῷ</span> <span class='ocrx_word' id='word_1_347' title='bbox 1024 4515 1142 4582; x_wconf 77' lang='grc' dir='ltr'><strong><em>ἑωυτοῦ</em></strong></span> <span class='ocrx_word' id='word_1_348' title='bbox 1160 4515 1279 4604; x_wconf 73' lang='grc' dir='ltr'><strong><em>πάθεϊ]</em></strong></span> <span class='ocrx_word' id='word_1_349' title='bbox 1298 4513 1545 4603; x_wconf 76' lang='grc' dir='ltr'><strong><em>ἐναργεστάτην</em></strong></span> 
     </span>
     <span class='ocr_line' id='line_1_39' title="bbox 380 4614 1526 4709; baseline -0.001 -20"><span class='ocrx_word' id='word_1_350' title='bbox 380 4630 537 4690; x_wconf 79' lang='grc' dir='ltr'><strong><em>κτείνουσι</em></strong></span> <span class='ocrx_word' id='word_1_351' title='bbox 557 4617 795 4709; x_wconf 70' lang='grc' dir='ltr'><strong><em>Ἀριστογείτων</em></strong></span> <span class='ocrx_word' id='word_1_352' title='bbox 818 4624 872 4686; x_wconf 84' lang='grc' dir='ltr'>καὶ</span> <span class='ocrx_word' id='word_1_353' title='bbox 883 4616 1046 4708; x_wconf 77' lang='grc' dir='ltr'><strong><em>Ἁρμόδιος</em></strong></span> <span class='ocrx_word' id='word_1_354' title='bbox 1068 4627 1157 4707; x_wconf 80' lang='grc' dir='ltr'><strong><em>γένος</em></strong></span> <span class='ocrx_word' id='word_1_355' title='bbox 1181 4621 1284 4698; x_wconf 80' lang='grc' dir='ltr'><strong><em>ἐόντες</em></strong></span> <span class='ocrx_word' id='word_1_356' title='bbox 1307 4621 1344 4686; x_wconf 86' lang='grc' dir='ltr'>τὸ</span> <span class='ocrx_word' id='word_1_357' title='bbox 1368 4614 1526 4688; x_wconf 71' lang='grc' dir='ltr'><strong><em>ἅνέκαθεν</em></strong></span> 
     </span>
    </p>
   </div>
   <div class='ocr_carea' id='block_1_5' title="bbox 0 0 1690 5272">
    <p class='ocr_par' dir='ltr' id='par_1_7' title="bbox 0 0 1690 5272">
     <span class='ocr_line' id='line_1_40' title="bbox 0 0 1690 5272; baseline 0 3"><span class='ocrx_word' id='word_1_358' title='bbox 0 0 1690 5272; x_wconf 95' lang='lat' dir='ltr'> </span> 
     </span>
    </p>
   </div>
  </div>
 </body>
</html>
