3374 5272
758 351 776 410 5

256 561 476 643 Exsuperatio
498 561 536 625 fit
561 579 661 626 eausa
684 578 811 641 appone
833 558 969 642 decoris
993 614 997 623 .
1101 598 1103 603 -

258 669 336 733 Cum
359 671 466 749 vaeat,
490 671 543 731 ut:
568 667 703 748 ,Quarta
725 665 781 732 vix
804 666 930 730 demum
953 664 1142 746 exponimur
1165 665 1263 749 hora',
1288 703 1331 714 —

154 803 156 806 ·
257 772 403 857 ,Salutius
427 772 483 838 ille
506 773 564 837 le0'
587 809 641 863 -,
664 771 740 853 quia
762 771 835 855 ,vix'
859 776 934 853 pote
961 770 1075 836 tollere
1099 776 1133 837 et
1155 771 1238 856 tile.

217 881 269 946 Ea
292 890 374 962 quae
397 879 633 944 Martianus
658 877 825 960 Capella
848 880 887 944 de
911 877 1074 944 rhetorica
1097 897 1166 960 eap.
1193 883 1234 944 41
1258 877 1294 963 (Ι.
1311 878 1331 944 l.
1350 899 1420 962 pg..

128 989 208 1066 483)
224 988 264 1053 de
280 988 463 1069 pleonasmu
480 985 585 1066 affert,
602 987 782 1066 eengruunt
794 1003 864 1050 eum
877 983 1056 1050 Alexandri
1071 985 1211 1051 rhetoris
1225 985 1403 1068 sententla3

128 1097 228 1160 verba
240 1093 309 1160 elus
322 1098 413 1159 sunt:
430 1089 632 1172 Πλεονασμός
647 1097 699 1167 est
714 1092 786 1173 plus
803 1091 1030 1174 neeessariam,
1048 1111 1117 1157 eum
1133 1095 1235 1158 verba
1247 1093 1403 1174 quaedam

129 1199 284 1266 adicimus
308 1219 371 1264 nen
394 1195 613 1266 enuntiandae
643 1198 692 1263 rei
718 1199 915 1281 necessaria,
947 1199 1004 1264 sed
1034 1198 1267 1280 magnitudinis
1298 1216 1403 1264 eumu-

127 1307 254 1390 landae,
289 1311 325 1372 ut
356 1307 384 1372 si
415 1306 505 1371 dieas
537 1305 618 1370 Catu
650 1304 719 1386 ille;
755 1324 826 1370 eum
857 1305 1021 1370 suffecerit
1051 1323 1165 1370 nemen
1197 1305 1329 1389 dixisse,
1362 1307 1405 1372 ad
1470 1393 1473 1398 Ι

129 1413 373 1495 amplitudinem
397 1411 553 1478 adicimus
575 1412 641 1478 ille.

216 1519 374 1602 Omittere
409 1518 545 1600 denique
580 1537 643 1585 nnn
679 1520 831 1584 debemus
862 1518 1168 1602 Quintilianum
1204 1518 1257 1600 qui
1294 1519 1401 1585 tribus

127 1627 207 1694 loeis
223 1627 441 1693 Institutionis
458 1625 621 1692 oratoriae
636 1625 676 1692 de
692 1625 876 1707 pleonasmo
893 1625 1038 1692 breviter
1050 1624 1193 1691 disserit.
1210 1707 1215 1712 .
1229 1627 1404 1706 Postquam

127 1736 187 1800 15
212 1732 230 1818 ξ
256 1738 396 1798 34-39
427 1731 608 1798 seleeeismi
635 1731 795 1797 rationem
827 1731 942 1813 attigit
972 1750 1105 1812 eamque
1135 1732 1404 1813 quadripertitam

127 1860 200 1907 esse
227 1840 338 1923 veluit,
368 1838 387 1925 ξ
410 1844 453 1905 40
489 1838 603 1905 vitium
630 1837 821 1904 adiectionis
858 1837 1052 1922 (exemplum
1080 1837 1177 1903 affert
1205 1836 1224 1922 ξ
1255 1845 1295 1903 39
1321 1839 1403 1907 Veni

128 1949 168 2012 de
189 1947 281 2012 Susis
305 1946 338 2010 in
360 1943 608 2029 Alexandriam)
633 1964 653 2010 a
676 1944 866 2025 quibusdam
891 1944 1108 2025 pleonasmum
1133 1943 1292 2010 nominari
1314 1945 1402 2011 dieit.

127 2054 240 2118 Altero
274 2054 344 2118 loeo
374 2051 457 2117 VIII
487 2057 516 2134 3,
538 2055 691 2116 ..53-55
710 2051 947 2131 pleonasmum
981 2055 1018 2114 ut
1052 2055 1152 2116 antea
1187 2050 1402 2137 aaaapcpato'v,

127 2163 331 2236 ταπείνωσιν,
355 2163 500 2239 μείωσιν,
524 2156 740 2241 ταυτολογίαν,
766 2148 979 2240 ὁμοιολογίαν,
1003 2155 1216 2241 μακρολογίαν
1245 2158 1402 2225 sermonis

128 2266 218 2334 vitiis
249 2263 402 2332 attribuit
433 2251 565 2350 eumque
596 2263 708 2330 definit
735 2264 858 2330 verbis:
891 2265 964 2348 ,E'st
992 2269 1025 2330 et
1054 2263 1256 2346 πλεονασμὸς
1278 2266 1401 2352 vitium,

128 2393 198 2439 eum
221 2371 430 2454 supervacnis
453 2371 564 2438 verbis
588 2371 691 2437 oratio
716 2365 887 2455 oneratur,
902 2372 974 2454 Ego
998 2371 1098 2437 oeulis
1121 2371 1202 2438 meis
1225 2373 1302 2439 vidi.
1343 2373 1403 2440 Sat
1485 2455 1488 2460 .

128 2484 180 2545 est
203 2477 288 2545 enim
310 2477 387 2544 vidi.
434 2478 535 2544 Paule
559 2483 633 2560 post
655 2477 793 2561 pergitz‘
806 2479 1047 2560 ,Nonnunquam
1069 2481 1178 2544 tamen
1194 2478 1274 2545 illud
1290 2499 1401 2564 genua,

128 2586 217 2652 euius
249 2586 427 2667 exemplum
456 2585 563 2667 priore
593 2585 663 2651 loeo
694 2585 795 2668 posui,
825 2584 1053 2650 affirmatiunIs
1085 2584 1196 2667 gratia
1219 2585 1401 2672 adhibetur,

338 2691 529 2775 ,Voeemque
551 2692 603 2758 his
627 2692 759 2758 auribus
782 2691 900 2787 hausi!⁴
1417 2681 1418 2686 ’

213 2801 252 2864 In
273 2800 337 2864 fine
356 2797 451 2865 huius
474 2799 536 2864 loei
559 2799 711 2881 leguntur
733 2801 850 2865 verba:
874 2799 998 2882 ,Atque
1023 2804 1060 2864 ut
1083 2800 1183 2866 semel
1205 2799 1323 2884 finiam,
1348 2802 1400 2867 vel

125 2908 256 2972 verbum
272 2925 373 2989 omne,
394 2907 476 2986 qued
487 2924 589 2987 neque
604 2905 805 2971 intellectum
820 2906 921 2989 iuvat,
945 2924 1047 2988 neque
1063 2911 1221 2990 ornatum,
1246 2906 1398 2973 vitiosum

126 3011 190 3078 diei
219 3013 346 3093 potest?
401 3003 512 3077 Tertia
535 3011 604 3077 loeo
628 3011 679 3078 IX
708 3017 726 3076 3
751 3009 770 3096 ξ
798 3016 840 3076 45
850 3016 929 3077 -47
958 3012 1095 3095 legimus
1125 3014 1219 3078 haee:
1250 3013 1399 3097 ,Congre-

124 3125 245 3201 gantur
272 3137 394 3200 quoque
424 3121 526 3184 verba
553 3117 638 3184 idem
662 3117 895 3201 significantia:
928 3119 1018 3202 Quae
1042 3139 1111 3185 eum
1135 3119 1184 3186 ita
1208 3119 1283 3205 sint,
1312 3121 1400 3187 uati-

124 3225 202 3308 lina,
227 3243 325 3307 perge
348 3224 584 3312 queeoepisti:
608 3227 763 3307 egredere
779 3225 951 3307 aliquande
967 3245 1008 3290 ex
1023 3229 1116 3307 urbe,
1141 3231 1257 3308 patent
1272 3233 1399 3309 portae:

125 3331 336 3414 proficiscere.
384 3332 431 3414 Et
453 3330 486 3396 in
509 3333 643 3398 eundem
659 3332 723 3398 aliu
739 3331 832 3415 libre,
848 3331 949 3416 Abiit,
973 3333 1124 3416 excessit,
1148 3332 1265 3418 erupit,
1282 3335 1398 3402 evasit.

125 3440 196 3504 Hae
212 3439 351 3505 Caecilio
367 3435 570 3532 attondente
589 3439 727 3523 videtur,
744 3439 854 3524 idest,
871 3441 1039 3506 abundans
1056 3459 1153 3522 super
1169 3441 1406 3508 nenessitatem

126 3545 249 3612 aratio:
278 3547 362 3612 sieut
389 3546 456 3629 illa,
485 3545 561 3611 Vidi
590 3547 698 3612 oeulos
727 3551 803 3612 ante
832 3546 903 3628 ipse
934 3566 1031 3613 meos.
1078 3548 1117 3614 In
1140 3548 1197 3613 illo
1221 3548 1306 3614 enim
1330 3547 1396 3614 vidi

125 3652 212 3718 inest
241 3652 320 3734 ipse.
367 3653 486 3719 Verum
513 3651 556 3736 id,
585 3657 622 3718 ut
650 3652 715 3718 alio
744 3673 866 3735 queque
898 3653 967 3720 loeo
996 3652 1073 3738 dixi,
1103 3673 1174 3721 eum
1198 3674 1398 3736 supervacua

24 3831 28 3838 ⁴
126 3765 279 3825 oneratur
302 3759 492 3842 adiectione,
516 3759 630 3825 vitium
653 3766 722 3824 est:
748 3779 818 3826 uum
842 3766 942 3842 auget
964 3761 1170 3828 manifestam
1192 3761 1397 3850 sententiam,

127 3866 211 3932 sieut
227 3865 303 3948 hie,
335 3867 450 3932 virtus.
498 3865 582 3950 Vidi,
613 3866 693 3949 ipse,
725 3873 802 3933 ante
837 3868 953 3951 oeulos,
985 3867 1119 3934 totidem
1148 3874 1223 3934 sunt
1254 3869 1398 3936 effeetus.

126 3974 190 4038 Cur
201 3978 310 4038 tamen
327 3973 408 4038 haee
423 3974 552 4055 proprie
567 3973 695 4039 nomine
706 3973 767 4039 tali
782 3973 914 4058 notarit,
938 3994 1002 4039 non
1018 3975 1121 4040 video.
1151 3977 1232 4041 Nam
1250 3981 1284 4041 et
1299 3977 1398 4058 gemi-

125 4081 215 4148 natio
239 4085 272 4145 et
294 4079 445 4161 repetitio
468 4085 503 4146 et
526 4080 753 4162 qualiscunque
777 4081 916 4148 adiectio
940 4081 1140 4164 retentaculis
1159 4083 1263 4150 videri
1279 4090 1396 4166 potest.

124 4187 193 4252 Nee
226 4188 327 4251 uerba
357 4186 463 4267 mode,
499 4188 556 4252 sed
588 4206 702 4253 sensus
732 4207 853 4269 queque
883 4188 967 4253 idem
1000 4187 1159 4254 facientes
1189 4197 1397 4271 acervantur:

125 4292 333 4358 Perturbatio
366 4291 463 4357 istum
494 4292 623 4376 mentia,
639 4299 689 4387 'et
717 4296 874 4376 quaedam
904 4294 1060 4360 scelerum
1092 4295 1194 4362 effusa
1226 4297 1340 4381 caligo,
1365 4303 1399 4364 et

127 4399 279 4465 ardentes
301 4399 457 4464 furiarum
481 4398 570 4466 faces
594 4401 798 4467 excitarunt’
1361 4428 1363 4434 ’

215 4505 367 4572 Videmus
402 4506 503 4588 igitur
536 4507 763 4589 grammatieos
799 4515 833 4574 et
867 4510 1014 4584 rhetores
1049 4518 1178 4576 veteres
1214 4512 1397 4592 pleonasme

126 4613 305 4685 definiendo
329 4614 424 4686 valde
446 4615 533 4686 inter
557 4635 592 4688 se
616 4614 761 4690 differre;
785 4635 859 4688 nam
882 4621 919 4688 ut
942 4616 1088 4708 emittam
1112 4617 1330 4705 pleonasmum
1356 4619 1397 4685 ab
