3374 5272
1472 25 1676 149 Ἠ

890 317 939 412 ιε

281 525 373 592 Initio
394 527 544 609 apodosis
560 527 728 612 omittitur,
752 528 841 593 velut
864 534 938 609 post
953 525 1206 593 coniunctionem
1224 516 1267 600 ὡς
1283 511 1365 589 VIII
1388 528 1456 606 126,
1480 531 1558 606 post

281 633 466 716 genetivum
490 653 580 716 quem
606 640 724 700 vocant
747 634 928 701 absolutum
953 633 1016 698 Vll
1044 639 1113 698 me.

325 865 328 875 Ι
372 767 473 833 Venio
497 769 538 834 ad
562 768 738 850 particulas
762 768 846 850 apud
863 766 1081 848 Thucydidem
1104 767 1138 830 in
1153 765 1246 830 initio
1264 766 1413 847 apodosis
1429 727 1553 831 obuias.

758 1012 808 1094 ὡς
829 1058 868 1066 -
897 1013 1000 1081 οὕτω
1024 1016 1075 1102 δή.

370 1232 404 1297 Π
431 1238 469 1297 12
496 1225 538 1310 ὠς
568 1232 600 1296 δὲ·
629 1224 766 1318 (ἐφίκετο
795 1231 826 1309 ἐς
849 1230 885 1296 τὺ
909 1231 1124 1316 στρατόπεδον
1148 1233 1202 1294 καὶ
1225 1229 1305 1314 ’ἐμνω
1330 1223 1346 1295 δ
1373 1223 1555 1316 Ῐίρχίδαμο,Ι

280 1333 330 1402 ὅτι
363 1337 392 1401 oi
416 1330 580 1425 Ἀθηναῖοι
610 1331 696 1404 οὐδέν
726 1338 789 1403 πω
809 1338 1008 1417 ἐνδιόσσοσιν,
1041 1333 1140 1403 οὕτω
1171 1337 1212 1422 δὴ
1240 1332 1318 1422 δρας
1349 1347 1394 1424 cpi
1427 1347 1553 1423 στρατιῇ

279 1438 457 1532 προύχώρει
485 1444 516 1522 ἐς
539 1445 593 1532 τὴν
616 1455 672 1533 μμ
695 1437 808 1510 αὐτῶν.
857 1447 941 1531 Quid
965 1447 1143 1528 partIculae
1168 1440 1251 1509 οὕτω
1281 1444 1316 1531 al,
1348 1448 1417 1512 loco
1452 1445 1554 1511 allato

279 1553 476 1636 sIgnificent‚
514 1573 554 1619 ex
587 1573 709 1620 conexu
738 1554 972 1620 sententiarum
1005 1553 1206 1634 perspicuum
1241 1553 1287 1618 fit.
1333 1553 1554 1618 Archidamus

278 1660 489 1742 Melesippum
520 1661 666 1726 Athenas
702 1661 845 1744 mIserat,
880 1667 916 1726 ut
946 1660 1217 1726 Lacedaemonios
1252 1660 1384 1742 obsequi
1412 1665 1553 1742 cogeret.

279 1767 355 1832 Cum
373 1767 569 1849 blelesippns
593 1770 635 1833 ab
652 1767 904 1834 Atheniensibus
929 1787 990 1834 non
1008 1775 1156 1848 receptus
1173 1769 1229 1832 sed
1246 1786 1286 1832 ex
1301 1767 1418 1832 finibus
1435 1767 1554 1831 missus

278 1873 311 1939 in
335 1879 446 1940 castra
468 1874 661 1940 revertisset
684 1881 717 1940 et
733 1894 815 1957 quae
838 1878 879 1942 ab
896 1875 1148 1940 Atheniensibus
1170 1893 1285 1955 passus
1307 1881 1395 1939 esset
1418 1892 1554 1954 exposu-

278 1980 369 2062 isset,
406 1981 491 2065 (tum
523 1981 661 2066 demum)
692 1981 904 2047 Archidamus
936 1988 1027 2048 ratus
1055 1983 1272 2047 Athenienses
1311 2000 1458 2046 cessuros
1491 2001 1553 2045 non

278 2105 350 2152 esse
366 2094 477 2154 castra
492 2089 600 2171 movit,
626 2094 661 2154 ut
684 2090 717 2153 In
742 2108 838 2170 agros
862 2108 969 2154 eornm
993 2089 1258 2170 proficisceretur.
1284 2089 1435 2154 Videmus
1452 2088 1554 2170 Igitur

278 2195 409 2260 voculas
434 2189 518 2257 οὕτω
542 2194 577 2282 δὴ
600 2215 670 2274 eum
694 2197 853 2262 adfinem
877 2217 897 2261 a
921 2197 1077 2278 scriptore
1101 2196 1225 2278 positas
1250 2215 1331 2278 esse,
1356 2202 1391 2260 ut
1414 2195 1553 2260 dilucide

278 2301 472 2382 exprImeret
488 2309 521 2367 et
539 2303 572 2368 vi
593 2304 730 2386 quadam
748 2300 948 2386 significaret
963 2291 1200 2386 Archidamum,
1218 2303 1405 2386 priusquam
1421 2301 1553 2402 propius

278 2408 425 2473 Athenas
455 2410 633 2492 accederet,
663 2409 744 2475 nihil
774 2411 976 2492 inexpertum
1006 2409 1164 2494 omisisse,
1197 2417 1233 2476 ut
1262 2409 1478 2475 Athenienses
1511 2409 1554 2473 ad

232 2577 235 2584 ι
279 2514 466 2598 obsequium
494 2516 675 2582 deduceret.
723 2515 827 2582 Simili
855 2518 947 2583 modo
970 2516 1128 2598 explicari
1150 2523 1259 2599 potest
1282 2517 1364 2582 VIII
1390 2521 1427 2580 71
1454 2505 1497 2590 ὡς
1520 2513 1551 2578 δέ

233 2611 236 2616 ’
280 2619 447 2705 προςέμιξέ
474 2645 509 2686 τε
537 2618 627 2707 ἐγγὺς
654 2623 709 2687 καὶ
737 2621 766 2686 οἱ
786 2613 951 2710 Ἀθηναῖοι
980 2622 1021 2686 τὰ
1045 2624 1102 2704 μὲν
1126 2621 1257 2688 ἐνδοθεν
1281 2613 1345 2686 οὐδ’
1370 2615 1554 2687 ὁπωστιοῦν

279 2725 423 2818 ἐκίνησαν
439 2766 478 2776 -
496 2767 534 2778 --
549 2727 731 2816 ἐνροίτοσαν,
758 2725 856 2794 οὕτω
873 2728 914 2817 δὴ
929 2728 1022 2815 γνοὺς
1041 2723 1188 2817 α’πήγαμε
1204 2728 1302 2794 πάλιν
1318 2728 1373 2816 τὴν
1388 2727 1553 2814 στρατιάν.

555 2981 603 3065 aig
625 3028 669 3037 -
693 2987 871 3054 ἐνταῦθα
895 2990 963 3057 sive
988 2987 1170 3054 ἐνταῦθα
1194 2983 1270 3075 Ιἤδη.

366 3203 413 3270 VI
436 3207 478 3269 60
505 3202 560 3266 καὶ
589 3196 632 3280 (ὃς
662 3195 767 3270 αίτιῦν
796 3203 848 3269 διὰ
882 3203 919 3267 τὸ
952 3212 1098 3270 τοιοῦτον
1132 3195 1341 3290 ὀργιζομένων
1375 3203 1488 3268 πολλοί
1517 3228 1551 3268 τε

277 3310 331 3373 καὶ
354 3300 514 3394 ἀξιόλογοι
537 3303 710 3397 ἄνθρωποι
733 3305 790 3400 ἤδη
814 3308 845 3375 ἐν
868 3319 915 3396 τῷ
938 3309 1143 3397 δεσμωτηρίῳ
1165 3300 1243 3399 ἦσαν
1258 3312 1312 3375 καὶ
1329 3303 1384 3375 οὐκ
1400 3309 1432 3375 ἐν
1448 3310 1551 3396 ποίλρ,Ι

278 3415 436 3502 ἐφαίνετο,
465 3408 545 3480 dale
575 3409 653 3481 καθ’
680 3410 798 3504 ἡμέραν
827 3415 1013 3485 ἐπεδίδοσαν
1039 3418 1158 3500 μᾶλλον
1189 3417 1221 3495 ἐς
1243 3417 1280 3483 τὸ
1302 3409 1494 3504 οἷμριιιίτερόν
1516 3442 1551 3482 τε

278 3524 331 3587 καὶ
354 3524 483 3601 τελείους
506 3522 553 3589 ἐτι
578 3523 810 3608 ξυλλαμβάνειν,
841 3523 1015 3590 ἐνταῦθα
1046 3517 1264 3591 ἀναπείθεται
1297 3523 1343 3602 εἷς
1372 3533 1435 3589 τιῦν
1463 3524 1550 3590 δεδε-

276 3635 389 3712 μένων.
436 3632 635 3698 Particulam
659 3629 811 3710 ἐνταῦθα,
836 3632 887 3699 cui
908 3633 1037 3716 proprie
1052 3633 1103 3701 vis
1125 3633 1238 3700 localis
1254 3635 1350 3717 inest,
1373 3633 1426 3699 hic
1442 3639 1550 3698 autem

277 3740 319 3804 ad
342 3743 468 3821 tempus
491 3738 662 3808 referenda
685 3744 745 3823 est,
769 3744 858 3806 certe
882 3741 1086 3822 Thucydides
1110 3741 1143 3806 in
1166 3740 1260 3806 initio
1282 3739 1376 3806 huius
1400 3740 1550 3822 apodosis

278 3845 393 3929 posuit,
422 3851 516 3912 utet
539 3865 578 3912 ea
601 3865 684 3929 qnae
707 3847 832 3928 protasi
855 3847 957 3913 allata
981 3854 1057 3914 sunt
1080 3849 1363 3930 comprehenderet
1385 3851 1549 3930 tamquam

276 3953 482 4035 epanalepsis
519 3953 622 4020 forma
651 3961 685 4021 et
721 3945 938 4019 ἐναπειθεται
973 3957 1106 4022 verbnm
1136 3955 1267 4021 maiorIs
1296 3955 1447 4021 momenti
1476 3973 1549 4020 esse

277 4059 484 4144 significaret,
501 4078 600 4142 quare
617 4061 778 4144 particula
789 4063 946 4129 vertenda
958 4063 1087 4130 videtur
1102 4062 1166 4146 ,illo
1180 4061 1363 4128 discrimine
1376 4061 1549 4144 temporis?

276 4165 323 4232 IV
347 4172 387 4231 35
413 4160 456 4243 ὡς
484 4166 516 4231 δέ
540 4165 693 4247 ἐνέδοσαν,
719 4165 893 4232 ἐνταῦθα
917 4161 986 4256 ἤδη
1008 4168 1118 4254 πολλῷ
1142 4165 1190 4233 ’ἐτι
1213 4168 1323 4234 πλέονι
1346 4172 1404 4254 βοῇ
1428 4173 1547 4252 τεθαρ-

276 4271 406 4358 σηκότες
430 4272 459 4338 oi
484 4274 576 4358 ψιλοὶ
600 4273 771 4354 ἐπέκειντο,
796 4276 849 4339 καὶ
872 4284 937 4340 cciv
960 4276 1221 4357 Λακεδαιμονίων
1245 4269 1315 4340 ὅσοι
1338 4275 1396 4357 μὲν
1419 4267 1545 4356 ὑποχω-

276 4387 402 4465 ρούντες
426 4377 741 4465 ἐγκατελαμβοίνοντο,
766 4373 982 4468 οἷπέδνησκον.
1029 4383 1215 4450 Particulae
1237 4381 1378 4446 ἐνταῦθα
1394 4374 1450 4470 γἤδη
1467 4401 1544 4464 qliae

275 4486 432 4568 protasim
454 4488 546 4555 brevi
573 4487 708 4555 circuitu
736 4487 908 4554 formatam
931 4496 1107 4571 sequuntur
1130 4496 1294 4576 tamquam
1318 4489 1545 4578 praenuntiant

275 4592 349 4660 miri
372 4592 495 4677 aliquid
518 4601 648 4680 praeter
671 4595 944 4680 exspectationem
967 4586 1122 4668 accidere.

1673 2381 1676 2420 l
