3374 5272
763 334 782 392 9

667 419 878 428 -ῄ--α

136 540 276 606 λεκτικὸν
299 541 338 605 τὰ
362 541 420 623 μὲν
443 533 546 627 ἥττων
569 539 608 604 τὰ
633 538 667 606 δὲ
689 545 850 625 κρείττων,
875 537 914 604 τὰ
939 532 967 603 d'
990 538 1070 617 ἰ’σος.
1117 537 1179 626 ἐρῶ
1202 540 1235 604 δὲ
1258 541 1312 604 καὶ
1336 540 1433 624 Ιπερὶ·

135 646 266 726 τούτων,
291 640 335 724 ὥς
356 640 530 734 ducitque.
565 644 679 733 Πρώτη
702 654 767 712 τιῦν
789 637 912 732 doctrin
935 639 1050 732 γένοιτ’
1073 641 1121 724 ἂν,
1149 636 1182 732 ἧς
1201 647 1300 732 χωρὶς
1324 638 1412 720 οὐδὲν

137 763 200 819 τιον
223 747 327 819 ἄλλων
350 763 415 819 τιῡν
438 754 513 840 περὶ
537 751 611 830 τοὺς
633 752 745 838 λόγους
770 746 894 840 ὄφελος.
919 757 986 834 aig,-
1010 747 1028 841 ἡ
1044 753 1173 840 καθαρὰ
1194 765 1262 831 τοῖς
1278 745 1412 835 ὀνόμασι

136 862 191 926 καὶ
212 861 267 928 τὸν
288 855 465 949 Ἑλληνικὸν
491 869 673 948 χαρακτῆρα
696 859 843 940 σώζουσα
872 859 1045 938 διάλεκτος.
1084 859 1201 947 ταύτην
1228 852 1413 945 ἅκριβοῦσιν

135 960 325 1056 ἀμφότεροι.
351 962 515 1054 Ἡρόδοτός
542 993 577 1033 τε
606 965 667 1055 γὰρ
695 975 750 1053 τῆς
772 959 869 1044 Ἰάδος
897 961 1034 1063 ἄριστοςΙ
1058 965 1171 1032 κανών.
1229 965 1414 1054 θουκυόίδρς

136 1099 171 1139 τε
193 1069 418 1162 τῇςίίτθίδσς.
459 1079 567 1162 τρίτην
590 1073 655 1157 ἔχει
675 1073 783 1160 χώραν
805 1067 824 1160 ἡ
847 1075 1021 1162 καλουμένη
1045 1079 1225 1157 συντομία,
1250 1073 1283 1138 ἐν
1313 1071 1413 1160 ταύτῃ

137 1180 221 1248 δοκεῖ
255 1186 402 1268 προέχειν
428 1175 592 1268 Ἡροδότου
627 1179 829 1269 Θυνκυδίδρςυ
880 1182 932 1247 Ab
961 1183 1125 1248 Herodoto
1161 1187 1196 1248 et
1226 1180 1414 1264 Thucydide

136 1307 238 1372 genus
272 1288 400 1356 dicendi
434 1288 623 1364 historicum
658 1289 772 1355 mirum
805 1289 839 1354 in
871 1291 997 1355 modum
1031 1289 1194 1355 excultum
1225 1305 1312 1373 esse,
1344 1307 1413 1356 cum

137 1395 400 1478 Thrasymachus
413 1395 658 1479 Calchedonius,
676 1395 855 1472 Leontinus
868 1394 1018 1479 Gorgias,
1032 1396 1219 1464 Theodorus
1231 1395 1414 1478 Byzantius

113 1498 193 1568 'alli
218 1501 300 1568 satis
324 1505 444 1585 arguta
466 1504 578 1586 multa,
594 1505 660 1569 sed
689 1508 725 1568 ut
754 1503 845 1568 modo
876 1501 1074 1584 primumque
1097 1496 1267 1569 nascentia
1289 1502 1415 1568 minuta

136 1616 171 1675 et
181 1608 411 1676 versiculorum
423 1607 544 1676 similia
559 1610 716 1691 quaedam
728 1608 921 1691 nimiumque
934 1608 1064 1691 depicta
1077 1614 1287 1691 tractassent,
1301 1606 1414 1678 Cicero

136 1715 298 1800 laudato:
340 1718 419 1800 ,Quo
457 1716 563 1799 magis
600 1722 677 1784 sunt
708 1717 892 1804 Herodotus
923 1715 1190 1798 Thucydidesque
1233 1715 1413 1797 mirabilem

137 1841 270 1905 quorum
304 1829 398 1902 aetas
433 1842 504 1889 cum
532 1823 566 1888 in
594 1841 703 1890 eorum
731 1829 888 1906 tempora,
919 1842 997 1904 quos
1027 1821 1201 1906 nominavi,
1236 1821 1414 1906 incidisset,

137 1928 324 2012 longissime
347 1934 455 1997 tamen
480 1930 543 2013 ipsi
567 1951 587 1997 a
610 1929 732 1997 talibus
756 1929 880 1997 deliciis
904 1931 958 1997 vel
979 1929 1087 2013 potius
1103 1930 1236 2012 ineptiis
1252 1931 1413 2002 afuerunt

140 2037 235 2102 Alter
249 2033 253 2042 ”
269 2036 354 2103 enim
389 2036 460 2104 sine
495 2037 572 2104 ullis
607 2037 746 2106 salebris
782 2037 874 2120 quasi
909 2039 1042 2104 sedatus
1077 2036 1194 2104 amnis
1215 2037 1294 2122 fluit,
1330 2037 1416 2103 alter

139 2142 306 2210 incitatior
317 2143 422 2210 fertur
433 2150 467 2210 et
482 2145 522 2210 de
538 2143 663 2211 bellicis
679 2145 776 2212 rebus
792 2143 882 2211 canit
894 2144 994 2212 etiam
1005 2145 1234 2226 quodammodo
1250 2143 1414 2224 bellicum3

141 2250 316 2335 primisque
345 2255 387 2320 ab
417 2253 469 2320 his
498 2259 544 2338 ,nt
573 2253 622 2320 ait
650 2254 906 2337 Theophrastus
935 2252 1073 2320 historia
1101 2257 1259 2319 commota
1286 2257 1348 2336 est,
1380 2257 1417 2320 ut

139 2360 275 2426 auderet
297 2360 429 2428 uberius
453 2380 556 2443 quam.
571 2360 753 2443 superiores
776 2365 811 2426 et
833 2347 980 2426 ornatius
1003 2359 1130 2427 diere!
1188 2400 1191 2410 ν

228 2485 476 2554 Recentioribus
514 2484 713 2569 temporibus
748 2485 841 2551 multi
875 2484 939 2552 uiri
973 2485 1060 2552 docti
1098 2484 1282 2551 accuratius
1320 2503 1414 2567 quam

138 2598 267 2658 veteres
296 2591 330 2658 in
353 2593 510 2687 Herodoti
539 2597 573 2658 et
596 2591 795 2674 Thucydidis
818 2611 920 2674 genus
944 2590 1072 2658 dicendi
1095 2589 1345 2675 inquisiverunt,
1362 2590 1417 2657 ite

139 2698 265 2781 quidem
289 2708 325 2768 ut
348 2721 430 2784 quae
449 2700 615 2783 utriusque
636 2699 824 2784 pecnharia3
848 2719 930 2782 quae
950 2697 1129 2765 communia
1151 2703 1271 2782 esseut,
1294 2697 1414 2764 exami-

139 2812 266 2874 narent.
313 2807 435 2893 Quodsi
462 2807 541 2875 mibi
569 2807 646 2875 licet
680 2827 720 2874 ea
754 2826 836 2889 quae
868 2805 917 2872 illi
945 2805 1008 2872 viri
1034 2803 1275 2889 indagaverunt
1304 2804 1416 2887 paucis

141 2933 359 2998 praemonere,
389 2915 562 2981 tenendum
585 2919 662 2996 puto
686 2915 885 2981 Herodotum
907 2913 1013 2997 magis
1036 2913 1171 2996 poetice,
1196 2913 1416 2996 Thucydidem

140 3019 246 3102 magis
268 3020 430 3087 rhetorice
446 3019 563 3090 dicere.
603 3021 719 3103 Itaque
734 3039 805 3086 cum
821 3020 1028 3103 quaestiones
1045 3020 1185 3088 selectas
1202 3021 1242 3086 de
1258 3019 1417 3094 Herodoti

140 3131 175 3193 et
206 3125 404 3210 Thucydidis
433 3147 552 3210 genere
585 3126 713 3194 dicendi
740 3126 913 3194 instituere
941 3126 1035 3194 nobis
1067 3127 1299 3210 proposuimus,
1329 3126 1416 3193 haud

141 3236 201 3301 abs
217 3254 252 3300 re
268 3235 486 3301 videturesse
508 3253 613 3316 pauca
634 3233 779 3317 praefari
802 3235 842 3300 de
858 3234 1029 3301 Homerico
1052 3235 1242 3304 charactere
1258 3233 1416 3300 Herodoti

141 3345 175 3406 et
207 3341 248 3406 de
277 3340 439 3408 rhetorico
470 3341 660 3407 charactere
684 3341 893 3425 Thucydidis,
921 3340 1036 3423 quibus
1064 3339 1253 3424 praemissis
1281 3340 1345 3406 iam
1374 3340 1416 3406 ad

141 3466 209 3513 rem
232 3446 432 3530 propositam
455 3446 559 3531 ipsam
580 3449 777 3515 accedemus.

376 3699 399 3783 s
421 3700 449 3765 1.
473 3699 524 3766 lte
547 3698 738 3766 Homerico
762 3695 970 3770 charactere
993 3697 1178 3766 Herodoti.

231 3842 277 3912 Ut
292 3841 477 3907 Herodotus
492 3839 526 3908 in
541 3839 681 3906 historia
697 3839 929 3907 conscribenda
951 3839 1168 3922 logographos
1192 3840 1245 3921 qui
1260 3844 1417 3908 vocantur

144 3952 273 4014 secutus
297 3945 378 4033 est²)
401 3952 559 4014 eteorum
576 3946 682 4013 instar
698 3947 828 4028 quaein
844 3945 1016 4013 itineribus
1031 3947 1072 4012 de
1088 3947 1249 4030 gentibus,
1273 3946 1416 4031 urbibus,

233 4177 253 4244 ¹)
273 4179 371 4232 Orator
389 4179 431 4231 39.

232 4267 254 4332 ²)
272 4267 335 4321 Jem
353 4271 458 4321 veteres
471 4267 609 4322 Herodoto
622 4266 764 4335 opprobrio
777 4271 929 4332 verterunt,
951 4261 1022 4333 qnod
1038 4265 1125 4318 marite
1141 4281 1174 4319 ex
1187 4266 1320 4320 Hecataei
1339 4267 1416 4322 libris

144 4356 332 4425 compilaverit
357 4355 433 4410 velut
456 4355 621 4423 Porphyrius
645 4355 673 4409 in
697 4357 783 4423 primo
808 4354 878 4410 libro
909 4350 1066 4424 Φιλολόγου
1092 4345 1248 4424 ἄκρουίσεος
1272 4361 1300 4409 et
1323 4361 1417 4410 nostra

144 4451 237 4501 aetate
251 4446 344 4501 Diels
362 4444 391 4500 in
411 4445 635 4499 commentatione
654 4460 724 4513 quae
741 4443 900 4499 inscribitur
913 4443 1042 4510 ,Herodot
1054 4443 1110 4498 und
1122 4443 1414 4500 Hekataics'Hermes

144 4535 225 4589 XXII
243 4553 268 4604 p.
290 4537 443 4589 411-445
468 4533 587 4589 dilucide
610 4533 807 4589 demonstravit
826 4533 995 4588 Herodotum
1019 4532 1168 4600 complures
1193 4533 1265 4590 locos
1286 4549 1309 4588 e.
1327 4550 1369 4601 gr.
1388 4533 1417 4586 Il

145 4627 187 4689 77,
205 4624 251 4678 ubi
265 4624 298 4678 de
310 4639 380 4692 pane
394 4632 422 4678 et
433 4623 497 4678 vino
510 4621 817 4692 Aegyptiorumreiert,
835 4621 951 4676 mutetis
963 4619 1054 4676 verbis
1067 4635 1100 4674 ex
1113 4621 1250 4675 Hecataeo
1263 4626 1417 4676 mutuatum
