3374 5272
813 319 1025 414 „22-

280 529 434 593 καλεῖται.
481 529 703 611 Hermogenes
729 547 851 608 quoque
876 527 965 613 (erpi
987 532 1066 609 ped.
1091 527 1165 593 σειν.
1191 529 1244 612 Sp.
1270 532 1332 596 vol.
1353 532 1388 596 Π
1411 552 1441 614 p.
1466 531 1554 617 433),

281 638 313 702 id
341 637 422 719 quod
446 656 486 702 ex
514 636 669 717 exemplis
695 635 764 701 eius
790 635 831 701 ad
862 635 1066 717 epanalepsis
1090 636 1184 702 varia
1214 656 1335 720 genera
1365 639 1556 721 explicanda

249 819 251 830 Ι
281 743 393 810 allatis
426 750 572 826 apparet,
607 743 640 808 in
678 743 807 808 notione
842 742 1048 824 epanalepsis
1083 739 1263 810 definienda
1296 754 1467 812 accuratus
1494 768 1554 814 non

281 856 345 932 est3
371 851 538 916 confundit
560 851 644 915 enim
667 849 826 932 exempla,
851 849 882 914 in
908 850 1022 930 quibus
1039 851 1245 932 epanalepsis
1261 852 1381 917 rationi
1397 873 1554 935 gramma-

281 960 365 1024 ticae
389 959 524 1049 debetur
548 977 616 1023 cum
640 956 691 1040 iis,
716 956 830 1038 quibus
854 957 904 1022 vis
928 957 1091 1022 rhetorica
1114 957 1209 1024 inest.
1258 959 1354 1024 Certe
1371 960 1556 1041 repetitioni

281 1069 322 1132 ab
347 1067 550 1148 Hermogene
573 1065 727 1130 laudatae
750 1067 842 1145 quani
868 1064 1005 1146 legimus
1030 1064 1088 1130 Od.
1114 1065 1131 1129 l
1156 1071 1195 1128 29
1221 1085 1267 1146 sq.

461 1209 530 1280 ἄλλ)
555 1210 571 1281 ὁ
593 1216 651 1298 μὲν
674 1215 883 1292 Αἰθίοπας
905 1221 1082 1298 μετεκίαθε
1105 1209 1219 1304 τηλόθ’
1244 1215 1362 1296 ἐόντας,

462 1335 493 1389 Α
501 1324 683 1400 latonae,
708 1324 758 1388 τοὶ
782 1323 881 1404 διχθὰ
906 1323 1078 1402 δεδαίαται,
1103 1322 1231 1405 ἔσχατοι
1254 1317 1376 1411 ἇνόριῦν

280 1479 347 1546 alia
377 1500 476 1546 causa
506 1482 619 1545 subest
649 1498 741 1560 otram
771 1478 804 1543 in
837 1479 981 1559 exemplo
1005 1479 1189 1544 Herodoteo
1218 1481 1235 1544 Ι
1263 1485 1321 1570 4:5²
1357 1479 1471 1566 porri-g
1499 1479 1556 1561 μὲν

280 1595 338 1650 τοῦ
359 1585 482 1650 ἑαυτοῦ
501 1577 668 1672 οἶδεληιεοῦ,
695 1583 810 1671 φονεὺς
833 1584 866 1647 δὲ
889 1593 946 1649 τοῦ
970 1575 1180 1670 καθήραντος.
1217 1585 1290 1652 Illic
1312 1587 1555 1669 perspicuitatis

280 1715 379 1761 causa
403 1693 642 1759 substantivum
665 1692 832 1774 repetitur,
856 1691 909 1757 hic
926 1693 967 1757 ad
983 1692 1139 1757 orationis
1155 1693 1219 1758 vim
1237 1694 1425 1775 augendam.
1459 1687 1556 1776 ‘Quae

280 1823 350 1868 cum
375 1803 423 1866 ita
447 1800 523 1883 sint,
548 1800 695 1880 exempla
719 1819 799 1880 quae
823 1799 1049 1880 repetitionem
1066 1820 1103 1866 eo
1120 1820 1179 1881 quo
1197 1801 1449 1882 supradiximus
1466 1802 1556 1865 modo

281 1910 322 1975 ad
350 1908 506 1996 orationis
537 1907 599 1972 vim
632 1908 812 1989 augendam
841 1906 1013 1973 continent
1040 1907 1222 1989 anadiplosi
1251 1913 1308 1973 aut
1332 1909 1557 1989 epanaphorae

281 2023 338 2083 aut
354 2001 579 2096 antistrophae
596 2012 798 2098 (epiphorae)
816 2015 1007 2079 ascribenda
1023 2034 1095 2080 esse
1111 2013 1303 2097 putaverim,
1320 2020 1432 2080 contra
1448 2035 1558 2080 omnes

281 2123 501 2205 repetitiones,
526 2141 606 2202 qrrae
627 2121 1017 2214 tantumeerspicuitatis
1041 2141 1141 2190 causa
1164 2122 1265 2186 locum
1282 2123 1415 2205 habent,
1439 2142 1558 2203 epana-

281 2230 363 2312 lepsi
379 2228 611 2296 vindicaverim
628 2228 719 2309 eique
736 2247 844 2294 omnes
861 2227 1071 2309 repetitiones
1089 2227 1159 2292 sive
1176 2228 1371 2310 singulorum
1388 2231 1557 2295 verborum

282 2339 351 2404 sive
375 2341 514 2402 totorum
539 2334 789 2419 enuntiatorum,
814 2335 917 2415 quoad
941 2334 1097 2416 explicari
1120 2339 1257 2416 possunt
1280 2353 1321 2400 ex
1344 2335 1560 2417 grammatica

281 2445 408 2511 ratione
435 2448 469 2508 et
501 2441 744 2523 perspicuitatis
777 2441 892 2525 studio,
924 2441 1139 2506 attribuerim.
1195 2443 1240 2508 Ut
1267 2441 1315 2506 ita
1348 2441 1559 2523 epanalepsin

282 2551 441 2633 definiam,
463 2551 613 2624 ,adducor
643 2549 683 2613 iis
712 2568 793 2629 quae
823 2549 971 2613 rhetores
1002 2548 1181 2629 complures
1212 2551 1251 2614 de
1280 2569 1319 2614 ea
1342 2549 1557 2614 tradiderunt.

281 2658 434 2725 Breviter
465 2655 674 2739 epanalepsin
705 2657 848 2737 explicat
878 2657 1024 2721 Zonaeus
1057 2656 1133 2740 περὶ
1157 2653 1335 2743 σχημάτων
1364 2655 1558 2741 (Spengel

282 2766 344 2832 Vol.
373 2766 478 2846 1le.
507 2762 594 2848 lep:
622 2753 845 2848 Ἔντανιίληήιις
875 2753 1038 2848 ιῖνοὶλήήιις
1068 2767 1307 2848 προειρημένον,
1331 2761 1561 2845 μεταξολογίας

283 2871 523 2956 ἐμβαλλομένης,
549 2862 592 2945 ὥς
608 2867 702 2944 εἴτις
719 2867 816 2946 εἴποι,
843 2860 984 2932 (idciro
1008 2867 1226 2954 στρατηγὸς
1251 2861 1391 2954 ηὔξησε
1414 2868 1460 2931 τὰ
1484 2876 1561 2931 τιῦν

284 2985 547 3068 στρατιωτῶν,
573 2973 642 3039 εἶτα
665 2974 781 3056 μεταξὺ
807 2973 918 3051 εἰσιών,
948 2983 1020 3051 ντιῦς
1042 2969 1183 3061 ηὔξησεν,
1209 2973 1426 3060 ἐνταναμνήσοι
1450 2975 1559 3052 ντιὶλιν,

283 3078 529 3173 αὐξήσαντος
562 3083 627 3147 οὗν
657 3081 804 3146 τούτου
828 3081 867 3145 τὰ
893 3091 957 3146 ταῖν
981 3091 1196 3166 στρατιωτῶν,
1221 3081 1297 3146 τάδε
1320 3086 1454 3166 μέμονεν.
1499 3084 1560 3148 Iis-

283 3196 354 3260 dem
388 3193 455 3258 fere
492 3191 602 3258 verbis
637 3191 740 3256 utitur
768 3191 1005 3256 Phoebammon
1034 3189 1230 3273 (Spengel
1260 3190 1321 3255 vol.
1352 3190 1404 3254 ΠΙ
1434 3209 1464 3270 p.
1490 3189 1558 3272 46).

283 3299 475 3368 Aocuratior
510 3298 684 3380 explicatio
721 3297 896 3364 invenitur
923 3299 1008 3378 apud
1043 3299 1245 3379 Anonymum
1282 3296 1356 3380 τερὶ
1391 3294 1560 3382 σχημάτων

284 3406 475 3495 (Spengel
498 3407 560 3473 vol.
578 3407 626 3470 Ill
650 3427 679 3487 p.
700 3405 792 3490 lep:
818 3396 1039 3489 Ἐντανάληψις
1060 3403 1092 3467 δέ
1116 3400 1202 3468 ἐστιν
1225 3395 1385 3489 α’νοὶληήιις
1408 3427 1560 3490 ντροιιρη-

283 3519 378 3596 μένον
407 3537 493 3588 τινος
515 3511 743 3595 μεταξολογίας
767 3509 1003 3596 ἐμβεβλημένης,
1028 3508 1080 3574 ἵνα
1103 3507 1157 3596 τήν
1191 3509 1242 3574 διὰ
1273 3508 1560 3597 μεσολαβησάντιον

281 3620 383 3705 λόγιον
407 3617 609 3705 ἐγγενομένην
638 3617 742 3704 λήθην
765 3616 843 3704 λήση
867 3617 921 3680 καὶ
945 3615 1026 3702 πρὸς
1048 3615 1172 3704 μνήμην
1197 3607 1300 3702 ἅγάγη
1324 3626 1381 3680 τοῦ
1405 3608 1560 3702 πρότερον

283 3728 456 3814 εἰρημένον.
504 3727 704 3808 Exemplum,
736 3726 818 3806 quod
841 3726 1028 3806 Anonymus
1052 3724 1155 3806 offert,
1187 3723 1331 3790 continet
1354 3723 1561 3789 iterationem

282 3835 383 3902 totius
411 3835 553 3918 protasis
584 3832 742 3900 similibus
772 3831 890 3899 verbis.
938 3832 990 3896 Ex
1014 3830 1253 3897 definitionibus
1283 3831 1456 3913 rhetorum,
1481 3849 1560 3910 quos

283 3944 374 4008 modo
398 3941 610 4024 laudavimus,
635 3941 741 4006 elucet
761 3940 972 4022 epanalepsin
996 3959 1016 4004 a
1040 3938 1252 4020 scriptoribus
1276 3943 1408 4020 propter
1431 3941 1560 4002 senteu-

283 4051 362 4116 tiam
386 4049 561 4131 longiorem
583 4047 811 4129 interpositam
829 4047 929 4130 (haud
951 4066 1026 4111 raro
1043 4044 1247 4125 parenthesis
1264 4043 1380 4129 forma)
1397 4049 1558 4123 tamquam

283 4164 319 4222 ut
343 4155 447 4222 oratio
476 4156 560 4220 unde
584 4155 733 4238 digressa
767 4158 819 4218 est
846 4156 1032 4218 revertatur
1067 4151 1196 4232 saepius
1231 4150 1380 4232 usurpari
1392 4148 1432 4234 ¹);
1458 4168 1558 4230 neque

283 4265 387 4328 minus
417 4281 574 4343 apparere
606 4262 735 4328 videtur
766 4259 954 4341 epanalepsi
981 4277 1055 4323 raro
1085 4257 1231 4340 singulas
1262 4276 1366 4340 voces,
1390 4257 1448 4322 sed
1472 4259 1559 4320 totas

372 4527 395 4596 ¹)
413 4526 534 4580 Isidorus
553 4525 620 4593 orig.
634 4523 717 4590 1131,
731 4527 765 4577 36
780 4524 955 4591 epanalepsin
974 4504 1061 4591 ipsam
1077 4521 1274 4590 digressionem
1295 4519 1433 4573 existimat
1447 4536 1562 4594 eamque>

284 4616 442 4673 anamnesin
461 4614 536 4682 sequi
555 4613 630 4667 dicit.
