3374 5272
897 333 936 394 10

278 541 419 606 moribus
436 541 551 608 alienis
568 547 740 622 acceperat
755 542 876 608 litteris
892 542 1069 624 mandavit,
1086 542 1134 608 ita
1150 543 1181 606 in
1199 544 1336 609 materia
1353 544 1551 625 disponenda

277 647 376 713 indoli
394 647 582 730 aequalium,
600 648 652 728 qui
666 647 775 714 Persis
791 649 928 714 devictis
946 669 1065 714 summo
1082 649 1205 732 gaudio.
1216 650 1324 716 affecti
1340 649 1549 717 relaxationis

278 753 405 820 animae
429 754 628 836 cupidissimi
651 760 756 838 erant,
781 755 875 820 nimis
900 755 1080 822 inserviens
1104 756 1359 839 'digressionibus
1383 758 1549 838 permultis

279 860 368 942 operi
391 860 524 926 insertis
548 861 644 942 plane
667 860 789 941 epicam
813 862 971 928 rationem
989 861 1135 928 imitatus
1152 869 1211 946 est,
1233 863 1425 944 quippe'qui
1441 864 1549 944 quinto

279 969 403 1032 ‹iemum
427 966 509 1033 libro
534 968 661 1033 adrem
686 967 883 1048 propositam
913 968 1018 1051 magis
1046 969 1212 1051 magisque
1237 970 1456 1054 se'accingat‚
1481 990 1549 1036 cum

279 1073 484 1139 narrationes
523 1074 683 1155 prioribus
721 1073 814 1140 libris
847 1075 969 1140 allatae
1008 1081 1109 1140 totum
1145 1076 1213 1141 fere
1248 1079 1356 1142 orbem
1391 1084 1548 1142 terrarum

279 1181 544 1264 complectantur,
569 1179 740 1246 Graeciam
765 1185 881 1264 autern,
906 1188 1023 1247 testem
1047 1201 1157 1247 earum
1181 1201 1296 1265 rerum,
1320 1202 1399 1263 quas
1423 1184 1549 1265 proprie

176 1289 179 1294 '
278 1287 499 1368 descripturus
528 1293 588 1370 est,
613 1288 668 1354 vix
692 1287 869 1370 attingant.
916 1291 984 1354 Nec
1007 1289 1107 1354 solum
1132 1286 1166 1354 iu
1190 1289 1329 1354 materia
1352 1289 1549 1371 disponenda

278 1395 334 1459 sed
350 1393 449 1459 etiam
465 1394 498 1459 in
514 1413 633 1477 genere
651 1395 776 1460 dicendi
793 1395 977 1460 Herodotus
994 1415 1125 1476 prorsus
1142 1415 1182 1460 ex
1198 1395 1395 1460 carminibus
1412 1396 1547 1462 heroicis

279 1500 426 1582 inprimis
451 1501 590 1566 Homero
620 1502 747 1582 pendet.
796 1503 886 1585 Quod
919 1501 953 1566 in
978 1501 1122 1568 oratione
1146 1501 1215 1566 eius
1239 1502 1376 1567 maxime
1401 1503 1547 1568 eximium

277 1613 337 1690 est,
372 1607 405 1673 in
440 1628 477 1672 co
512 1608 713 1690 potissimum
749 1609 901 1692 cernitur,
940 1610 1022 1689 quod
1057 1628 1157 1690 aeque
1193 1615 1289 1689 atque
1325 1610 1483 1675 Homerus
1517 1616 1549 1675 et

277 1714 469 1797 logographi
493 1713 575 1790 λέξιν
599 1734 692 1796 quarn
716 1721 834 1781 vocant
858 1713 1020 1800 εἰρομένην
1047 1715 1227 1798 usurpavit,
1252 1735 1321 1780 cum
1336 1716 1547 1798 ·'i¹lmcydides

277 1842 317 1885 ex
348 1822 449 1904 ipsius
483 1828 601 1888 natura
632 1827 729 1903 atque
760 1821 866 1888 indole
896 1823 1058 1904 propriam
1090 1822 1231 1904 linguam
1267 1822 1329 1888 sibi
1361 1829 1489 1889 crearet
1517 1830 1549 1888 et

276 1927 357 2004 λέξει
380 1908 735 2014 κατεστραμμένηἀεαε
751 1931 883 1995 multum
900 1929 933 1994 in
949 1929 1090 2011 periodis
1103 1921 1279 1995 formandis
1292 1931 1547 2011 progrederetur.

276 2035 457 2102 Distrimell
481 2043 597 2120 autem,
622 2037 704 2117 quod
720 2037 806 2101 inter
828 2034 911 2112 λέξιν
927 2034 1088 2122 εἰρομένην
1105 2042 1139 2102 et
1154 2041 1430 2122 κατεστραμμένην
1446 2041 1548 2102 statu-

276 2143 390 2208 endum
407 2150 467 2226 est,
480 2143 705 2228 Aristoteles)
722 2143 843 2224 primus
860 2145 942 2224 quod
959 2143 1059 2210 sciam
1078 2147 1157 2210 bene
1174 2144 1411 2210 demonstravit
1426 2143 1546 2208 verbis:

282 2247 340 2334 Ἰἠν
369 2248 401 2313 δὲ
429 2247 511 2326 λέξιν
539 2246 621 2314 εἶναι
647 2244 669 2336 ἢ
693 2249 912 2336 εἰρομένην
936 2250 987 2312 καί
1013 2258 1057 2334 τη]
1083 2249 1245 2334 συνδέσμῳ
1268 2253 1355 2330 μίαν,
1382 2243 1492 2333 ὥσπερ
1515 2247 1546 2310 αἰ

277 2352 308 2418 έν
327 2367 395 2432 τοῖς
418 2355 631 2443 διθυράμβοις
653 2350 816 2440 α’ναβολαί,
841 2352 859 2442 ἢ
883 2360 1243 2442 κατεστραμμένην
1266 2350 1319 2418 καὶ
1344 2349 1455 2436 ὁμοίαν
1479 2367 1549 2430 ταῖς

210 2499 214 2507 ι
276 2471 339 2526 τιον
368 2454 508 2546 ἅρχαίεον
542 2472 685 2549 ιτοιητιῦν
716 2455 953 2549 α’ντιστρδηοις.
1007 2455 1025 2548 r]
1054 2462 1112 2544 μὲν
1152 2450 1205 2526 οὖν
1236 2461 1379 2548 εἰρομένη
1414 2461 1496 2538 λέξις
1530 2455 1548 2547 ἡ

275 2561 390 2656 ιλρχαίο
427 2567 522 2636 ἐστιν·
582 2564 757 2657 ιἩροδότου
797 2575 927 2656 Θουρίου
963 2561 1012 2654 ἥδ’
1054 2569 1194 2655 ἱστορίης
1224 2561 1395 2645 αἰιδδεξις.’
1451 2567 1548 2655 ταδιη

276 2675 336 2762 γὰρ
370 2677 523 2764 πρότερον
557 2678 615 2760 μὲν
649 2672 800 2755 ducturae,
841 2685 893 2742 νῦν
929 2676 959 2740 δέ
997 2668 1032 2739 οί·
1063 2676 1176 2740 ιιολλοί
1206 2685 1353 2760 χρῶνται.
1405 2676 1486 2761 λέγω
1517 2677 1547 2740 δέ

276 2782 446 2870 εἰρομένην,
471 2782 489 2872 ‘rJ
514 2777 603 2848 οἰδὲν
619 2781 682 2866 ἔχει
698 2783 786 2860 τέλος
809 2774 888 2846 καθ’
905 2775 1011 2867 adonin,
1035 2778 1074 2846 do
1097 2781 1140 2867 μη
1164 2779 1200 2846 τὸ
1225 2791 1358 2866 ιιράγμα
1382 2782 1547 2867 λέγομενον

276 2890 444 2977 cedemoth).
496 2890 565 2957 ἔστι
600 2892 632 2957 δὲ
666 2883 759 2977 ιίηδὲς
790 2889 841 2954 διδ
878 2887 914 2952 τὸ
949 2883 1092 2975 ἄνιειρον·
1139 2888 1176 2952 τὸ
1212 2888 1272 2975 γὰρ
1308 2890 1396 2966 τέλος
1431 2889 1548 2965 ιιάντες

275 2996 441 3080 βούλονται
458 3005 613 3084 καέίορὰν.
639 2997 751 3082 διόιτερ
763 2994 819 3062 ἐντὶ
835 3008 903 3072 τοῖς
915 3005 1116 3084 καματηρσιν
1130 2993 1296 3060 ι’κιινέουσι
1307 3001 1362 3060 καί
1376 2994 1547 3060 ἐκλύονται·

277 3114 476 3192 ιτροοριῡντυς
498 3104 561 3190 γὰρ
583 3104 620 3168 τὸ
644 3108 743 3191 ιυέρας
767 3096 803 3166 ου’
826 3102 981 3185 κάμνουσι
1005 3102 1169 3189 πρότερον.
1206 3095 1233 3186 ἡ
1247 3102 1304 3184 μέν
1329 3091 1382 3166 οὖν
1406 3103 1548 3189 εἰρομένη

277 3221 332 3298 της
360 3211 473 3289 λέξεώς
505 3209 591 3276 ἔστιν
621 3207 682 3297 ἥδε,
716 3215 975 3296 κατεστραμμένη
1007 3210 1040 3274 δὲ
1072 3203 1088 3294 ip
1121 3207 1152 3274 ἐν
1181 3208 1352 3296 ιτεριόδοις·
1405 3209 1486 3294 λέγοι
1516 3209 1548 3272 δέ·

276 3320 423 3405 ιτερίοδον
438 3319 521 3397 λέξιν
534 3317 665 3401 έχουσαν
677 3311 771 3405 ιίρχην
788 3318 841 3382 καὶ
857 3316 1001 3404 τελευτὴν
1018 3309 1114 3403 αὐτὴν
1130 3310 1209 3381 καθ’
1226 3310 1322 3404 ordo-iso
1338 3317 1391 3380 καὶ
1407 3305 1547 3401 μέγεθος

277 3418 479 3492 ειῖσύνοιιτσν.
527 3419 614 3512 ἡδεῖα
638 3426 670 3490 δὲ
694 3420 866 3512 ἡτοιαύτη
890 3425 944 3488 καὶ
968 3417 1123 3511 εὐμαθής.

365 3537 485 3600 Nostra
506 3553 627 3616 quoque
648 3538 758 3600 aetate
774 3533 836 3599 viri
853 3532 937 3598 docti
954 3531 1034 3598 illud
1050 3532 1232 3614 discrimen,
1257 3533 1337 3612 quod
1353 3532 1547 3598 Aristoteles

277 3642 412 3725 notavit,
436 3643 692 3707 observaverunt
715 3645 748 3706 et
772 3640 853 3706 scite
877 3637 1187 3723 Zimmermann2)
1212 3638 1290 3729 solis
1313 3639 1424 3719 primis
1440 3638 1547 3704 verbis

277 3749 453 3816 Herodotei
467 3755 502 3814 et
514 3748 712 3830 Thucydidei
730 3747 835 3828 operis
849 3746 976 3811 collatis
989 3746 1129 3826 aliquam
1145 3744 1376 3826 proprietatem
1393 3745 1547 3811 sermonis

277 3857 442 3944 utriusque
482 3855 630 3938 cognosci
669 3874 763 3936 posse
802 3853 990 3934 exposuisse
1029 3853 1104 3916 mihi
1144 3852 1287 3931 videtur;
1327 3851 1429 3931 prima
1463 3851 1547 3916 enim

277 3964 475 4044 'Plurcydidis
511 3964 612 4029 verba
636 3967 707 4027 arte
741 3961 836 4033 inter
855 3981 890 4025 se
913 3979 1035 4026 conexa
1059 3979 1141 4042 esse,
1172 3958 1259 4022 aliud
1283 3959 1482 4023 enuntiatum
1507 3961 1548 4024 ab

276 4070 341 4136 alio
375 4077 510 4152 quatuor
540 4069 721 4151 participiis
752 4067 868 4150 positis
896 4068 1077 4148 dependere
1107 4071 1141 4130 et
1168 4065 1325 4130 rationem
1350 4065 1548 4146 singularum

277 4177 417 4260 partium
441 4178 500 4243 hoc
523 4178 687 4243 schemate
711 4175 822 4258 effingi
846 4194 958 4256 posse:
1059 4188 1061 4204 ·

276 4372 344 4411 esse.
382 4355 416 4410 cf.
436 4354 518 4410 verba
531 4353 711 4422 Hermogenis
731 4353 764 4407 de
782 4352 851 4406 ideis
870 4352 898 4405 II
916 4353 968 4406 423
988 4351 1031 4418 Sp.
1051 4352 1193 4411 Ἑκαταῖος
1220 4343 1283 4421 παρ’
1304 4339 1334 4402 οὗ
1372 4345 1404 4419 δὴ
1429 4346 1547 4420 μάλιστα

275 4437 415 4516 ὠφέληται
436 4445 449 4498 ὁ
468 4439 618 4514 Ἡρόδοτος.

367 4534 388 4600 ¹)
407 4534 487 4587 Rhet.
506 4532 550 4586 III
569 4537 593 4586 9.

366 4623 387 4689 2)
407 4623 614 4692 Bemerlrungen
639 4621 706 4679 iiber
731 4620 783 4677 den
805 4619 856 4673 Stil
877 4621 923 4673 des
942 4620 1071 4688 Herodot
1091 4618 1233 4672 Clausthal
1254 4619 1329 4671 1850.
1360 4632 1406 4686 pg.·
1426 4619 1442 4670 5
1464 4633 1503 4686 sq.
