<?xml version="1.0" encoding="UTF-8"?>
<!DOCTYPE html PUBLIC "-//W3C//DTD XHTML 1.0 Transitional//EN"
    "http://www.w3.org/TR/xhtml1/DTD/xhtml1-transitional.dtd">
<html xmlns="http://www.w3.org/1999/xhtml" xml:lang="en" lang="en">
 <head>
  <title>
</title>
<meta http-equiv="Content-Type" content="text/html;charset=utf-8" />
  <meta name='ocr-system' content='tesseract 3.04.00' />
  <meta name='ocr-capabilities' content='ocr_page ocr_carea ocr_par ocr_line ocrx_word'/>
</head>
<body>
  <div class='ocr_page' id='page_1' title='image "./deabundantigene00amrhgoog_0055.png"; bbox 0 0 3374 5272; ppageno 0'>
   <div class='ocr_carea' id='block_1_1' title="bbox 872 361 913 425">
    <p class='ocr_par' dir='ltr' id='par_1_1' title="bbox 872 361 913 425">
     <span class='ocr_line' id='line_1_1' title="bbox 872 361 913 425; baseline 0 0"><span class='ocrx_word' id='word_1_1' title='bbox 872 361 913 425; x_wconf 80' lang='lat'><strong>50</strong></span> 
     </span>
    </p>
   </div>
   <div class='ocr_carea' id='block_1_2' title="bbox 763 449 991 460">
    <p class='ocr_par' dir='ltr' id='par_1_2' title="bbox 763 449 991 460">
     <span class='ocr_line' id='line_1_2' title="bbox 763 449 991 460; baseline -0.009 0"><span class='ocrx_word' id='word_1_2' title='bbox 763 451 766 460; x_wconf 72' lang='grc' dir='ltr'><strong><em>ι</em></strong></span> <span class='ocrx_word' id='word_1_3' title='bbox 787 449 991 460; x_wconf 56' lang='lat' dir='ltr'><strong>u--a-——a--a—</strong></span> 
     </span>
    </p>
   </div>
   <div class='ocr_carea' id='block_1_3' title="bbox 195 557 1533 3230">
    <p class='ocr_par' dir='ltr' id='par_1_3' title="bbox 195 557 1533 3230">
     <span class='ocr_line' id='line_1_3' title="bbox 257 557 1529 666; baseline -0.003 -24"><span class='ocrx_word' id='word_1_4' title='bbox 257 571 453 666; x_wconf 71' lang='grc' dir='ltr'><strong><em>Δαρδανέων,</em></strong></span> <span class='ocrx_word' id='word_1_5' title='bbox 479 573 594 641; x_wconf 75' lang='grc' dir='ltr'><strong><em>ἐκδιδοῖ</em></strong></span> <span class='ocrx_word' id='word_1_6' title='bbox 610 575 642 641; x_wconf 79' lang='grc' dir='ltr'><strong>δὲ</strong></span> <span class='ocrx_word' id='word_1_7' title='bbox 664 573 696 652; x_wconf 81' lang='grc' dir='ltr'><strong>ἒς</strong></span> <span class='ocrx_word' id='word_1_8' title='bbox 719 573 824 664; x_wconf 71' lang='grc' dir='ltr'><strong><em>ἕτερον</em></strong></span> <span class='ocrx_word' id='word_1_9' title='bbox 840 573 985 658; x_wconf 84' lang='grc' dir='ltr'><strong><em>ποταμὸν</em></strong></span> <span class='ocrx_word' id='word_1_10' title='bbox 1005 578 1121 660; x_wconf 77' lang='grc' dir='ltr'><strong>Τι’χριν,</strong></span> <span class='ocrx_word' id='word_1_11' title='bbox 1148 565 1164 638; x_wconf 83' lang='grc' dir='ltr'><strong><em>δ</em></strong></span> <span class='ocrx_word' id='word_1_12' title='bbox 1179 572 1212 637; x_wconf 84' lang='grc' dir='ltr'><strong>δὲ</strong></span> <span class='ocrx_word' id='word_1_13' title='bbox 1227 571 1315 659; x_wconf 81' lang='grc' dir='ltr'><strong><em>παρὰ</em></strong></span> <span class='ocrx_word' id='word_1_14' title='bbox 1329 557 1418 638; x_wconf 58' lang='grc' dir='ltr'><strong><em>Ὦπιν</em></strong></span> <span class='ocrx_word' id='word_1_15' title='bbox 1433 569 1529 638; x_wconf 80' lang='grc' dir='ltr'><strong><em>πόλιν</em></strong></span> 
     </span>
     <span class='ocr_line' id='line_1_4' title="bbox 256 675 1529 774; baseline -0.002 -25"><span class='ocrx_word' id='word_1_16' title='bbox 256 686 335 774; x_wconf 81' lang='grc' dir='ltr'><strong><em>ῥέων</em></strong></span> <span class='ocrx_word' id='word_1_17' title='bbox 358 682 389 761; x_wconf 77' lang='grc' dir='ltr'><strong>ἐς</strong></span> <span class='ocrx_word' id='word_1_18' title='bbox 408 683 463 771; x_wconf 65' lang='grc' dir='ltr'><strong>τὴν</strong></span> <span class='ocrx_word' id='word_1_19' title='bbox 486 675 641 768; x_wconf 69' lang='grc' dir='ltr'><strong><em>Ἐρυθρὴν</em></strong></span> <span class='ocrx_word' id='word_1_20' title='bbox 665 681 835 746; x_wconf 65' lang='grc' dir='ltr'><strong><em>θάλασσαν</em></strong></span> <span class='ocrx_word' id='word_1_21' title='bbox 852 679 976 759; x_wconf 77' lang='grc' dir='ltr'><strong><em>ἐκδιδοῖ,</em></strong></span> <span class='ocrx_word' id='word_1_22' title='bbox 1000 689 1112 745; x_wconf 83' lang='grc' dir='ltr'><strong><em>τοῦτον</em></strong></span> <span class='ocrx_word' id='word_1_23' title='bbox 1128 678 1164 766; x_wconf 78' lang='grc' dir='ltr'><strong>δη</strong></span> <span class='ocrx_word' id='word_1_24' title='bbox 1180 679 1235 747; x_wconf 86' lang='grc' dir='ltr'><strong>τὸν</strong></span> <span class='ocrx_word' id='word_1_25' title='bbox 1253 680 1367 767; x_wconf 79' lang='grc' dir='ltr'><strong><em>Γύνδην</em></strong></span> <span class='ocrx_word' id='word_1_26' title='bbox 1383 681 1529 764; x_wconf 85' lang='grc' dir='ltr'><strong><em>ποταμὸν</em></strong></span> 
     </span>
     <span class='ocr_line' id='line_1_5' title="bbox 237 783 1525 876; baseline -0.005 -20"><span class='ocrx_word' id='word_1_27' title='bbox 237 785 299 868; x_wconf 64' lang='grc' dir='ltr'><strong>’ὡς</strong></span> <span class='ocrx_word' id='word_1_28' title='bbox 331 792 503 875; x_wconf 72' lang='grc' dir='ltr'><strong><em>διαβαίνειν</em></strong></span> <span class='ocrx_word' id='word_1_29' title='bbox 532 788 684 875; x_wconf 73' lang='grc' dir='ltr'><strong><em>ἐπειρᾶτο</em></strong></span> <span class='ocrx_word' id='word_1_30' title='bbox 712 783 728 852; x_wconf 81' lang='grc' dir='ltr'><strong><em>δ</em></strong></span> <span class='ocrx_word' id='word_1_31' title='bbox 759 798 862 873; x_wconf 78' lang='grc' dir='ltr'><strong><em>Κῦρος</em></strong></span> <span class='ocrx_word' id='word_1_32' title='bbox 889 787 981 853; x_wconf 79' lang='grc' dir='ltr'><strong><em>ἐόντα</em></strong></span> <span class='ocrx_word' id='word_1_33' title='bbox 1008 793 1245 876; x_wconf 67' lang='grc' dir='ltr'><strong><em>νηυσιπέρητον,</em></strong></span> <span class='ocrx_word' id='word_1_34' title='bbox 1280 785 1464 852; x_wconf 70' lang='grc' dir='ltr'><strong><em>ἐνθαῦτά</em></strong></span> <span class='ocrx_word' id='word_1_35' title='bbox 1499 789 1525 851; x_wconf 80' lang='lat' dir='ltr'><strong>ol</strong></span> 
     </span>
     <span class='ocr_line' id='line_1_6' title="bbox 255 890 1529 984; baseline -0.003 -20"><span class='ocrx_word' id='word_1_36' title='bbox 255 909 319 964; x_wconf 83' lang='grc' dir='ltr'><strong><em>τιῡν</em></strong></span> <span class='ocrx_word' id='word_1_37' title='bbox 350 925 399 976; x_wconf 82' lang='grc' dir='ltr'><strong>τις</strong></span> <span class='ocrx_word' id='word_1_38' title='bbox 428 897 503 984; x_wconf 74' lang='lat' dir='ltr'><strong>iptio</strong></span> <span class='ocrx_word' id='word_1_39' title='bbox 529 897 642 963; x_wconf 72' lang='grc' dir='ltr'><strong><em>ἵππιον</em></strong></span> <span class='ocrx_word' id='word_1_40' title='bbox 671 906 734 960; x_wconf 75' lang='grc' dir='ltr'><strong>τῶν</strong></span> <span class='ocrx_word' id='word_1_41' title='bbox 763 898 880 962; x_wconf 74' lang='lat' dir='ltr'><strong>laomor</strong></span> <span class='ocrx_word' id='word_1_42' title='bbox 909 891 973 960; x_wconf 61' lang='grc' dir='ltr'><strong>’ὑπὸ</strong></span> <span class='ocrx_word' id='word_1_43' title='bbox 1002 890 1109 981; x_wconf 65' lang='grc' dir='ltr'><strong><em>ὕβριος</em></strong></span> <span class='ocrx_word' id='word_1_44' title='bbox 1132 893 1222 979; x_wconf 78' lang='grc' dir='ltr'><strong><em>ἑςβάς</em></strong></span> <span class='ocrx_word' id='word_1_45' title='bbox 1252 893 1283 972; x_wconf 78' lang='grc' dir='ltr'><strong>ἐς</strong></span> <span class='ocrx_word' id='word_1_46' title='bbox 1306 894 1360 960; x_wconf 84' lang='grc' dir='ltr'><strong>τὸν</strong></span> <span class='ocrx_word' id='word_1_47' title='bbox 1383 894 1529 976; x_wconf 80' lang='grc' dir='ltr'><strong><em>ποταμὸν</em></strong></span> 
     </span>
     <span class='ocr_line' id='line_1_7' title="bbox 255 997 1527 1092; baseline -0.005 -20"><span class='ocrx_word' id='word_1_48' title='bbox 255 1008 426 1091; x_wconf 69' lang='grc' dir='ltr'><strong><em>διαβαίνειν</em></strong></span> <span class='ocrx_word' id='word_1_49' title='bbox 454 1004 615 1092; x_wconf 73' lang='grc' dir='ltr'><strong><em>ἐπειρᾶτο,</em></strong></span> <span class='ocrx_word' id='word_1_50' title='bbox 648 999 663 1070; x_wconf 81' lang='grc' dir='ltr'><strong><em>δ</em></strong></span> <span class='ocrx_word' id='word_1_51' title='bbox 692 1006 724 1068; x_wconf 80' lang='grc' dir='ltr'><strong>δέ</strong></span> <span class='ocrx_word' id='word_1_52' title='bbox 751 1031 806 1088; x_wconf 89' lang='grc' dir='ltr'><strong>μιν</strong></span> <span class='ocrx_word' id='word_1_53' title='bbox 834 1003 1007 1091; x_wconf 71' lang='grc' dir='ltr'><strong><em>συμψήσας</em></strong></span> <span class='ocrx_word' id='word_1_54' title='bbox 1034 997 1226 1090; x_wconf 75' lang='grc' dir='ltr'><strong><em>ὑποβρύχιον</em></strong></span> <span class='ocrx_word' id='word_1_55' title='bbox 1254 1002 1384 1084; x_wconf 76' lang='grc' dir='ltr'><strong><em>οἰχώκεε</em></strong></span> <span class='ocrx_word' id='word_1_56' title='bbox 1413 1009 1527 1090; x_wconf 77' lang='grc' dir='ltr'><strong><em>φέρων.</em></strong></span> 
     </span>
     <span class='ocr_line' id='line_1_8' title="bbox 254 1111 1528 1198; baseline -0.003 -18"><span class='ocrx_word' id='word_1_57' title='bbox 254 1117 335 1184; x_wconf 84' lang='lat' dir='ltr'>Post</span> <span class='ocrx_word' id='word_1_58' title='bbox 347 1115 500 1198; x_wconf 87' lang='lat' dir='ltr'><strong>protasim</strong></span> <span class='ocrx_word' id='word_1_59' title='bbox 513 1135 629 1197; x_wconf 81' lang='lat' dir='ltr'><strong>magno</strong></span> <span class='ocrx_word' id='word_1_60' title='bbox 642 1114 777 1180; x_wconf 87' lang='lat' dir='ltr'><strong>circuitu</strong></span> <span class='ocrx_word' id='word_1_61' title='bbox 788 1114 959 1179; x_wconf 86' lang='lat' dir='ltr'><strong>formatam</strong></span> <span class='ocrx_word' id='word_1_62' title='bbox 972 1119 1006 1178; x_wconf 89' lang='lat' dir='ltr'><strong>et</strong></span> <span class='ocrx_word' id='word_1_63' title='bbox 1018 1115 1141 1179; x_wconf 91' lang='lat' dir='ltr'><strong>duabus</strong></span> <span class='ocrx_word' id='word_1_64' title='bbox 1151 1113 1299 1195; x_wconf 90' lang='lat' dir='ltr'><strong>partibus</strong></span> <span class='ocrx_word' id='word_1_65' title='bbox 1312 1111 1528 1195; x_wconf 80' lang='lat' dir='ltr'><strong>compositam,</strong></span> 
     </span>
     <span class='ocr_line' id='line_1_9' title="bbox 255 1203 1528 1309; baseline -0.005 -21"><span class='ocrx_word' id='word_1_66' title='bbox 255 1203 389 1305; x_wconf 78' lang='lat' dir='ltr'><strong>ollarum</strong></span> <span class='ocrx_word' id='word_1_67' title='bbox 412 1222 499 1305; x_wconf 92' lang='lat' dir='ltr'><strong>prior</strong></span> <span class='ocrx_word' id='word_1_68' title='bbox 531 1220 751 1288; x_wconf 88' lang='lat' dir='ltr'><strong>coniunctione</strong></span> <span class='ocrx_word' id='word_1_69' title='bbox 783 1218 854 1284; x_wconf 79' lang='grc' dir='ltr'><strong><em>ἐπεὶ</em></strong></span> <span class='ocrx_word' id='word_1_70' title='bbox 883 1224 998 1287; x_wconf 90' lang='lat' dir='ltr'><strong>notata</strong></span> <span class='ocrx_word' id='word_1_71' title='bbox 1028 1219 1282 1309; x_wconf 78' lang='lat' dir='ltr'><strong>interrumpitur,</strong></span> <span class='ocrx_word' id='word_1_72' title='bbox 1312 1219 1528 1301; x_wconf 75' lang='lat' dir='ltr'><strong>descriptione</strong></span> 
     </span>
     <span class='ocr_line' id='line_1_10' title="bbox 255 1320 1530 1412; baseline -0.002 -18"><span class='ocrx_word' id='word_1_73' title='bbox 255 1329 473 1412; x_wconf 83' lang='lat' dir='ltr'><strong>geographica</strong></span> <span class='ocrx_word' id='word_1_74' title='bbox 493 1329 598 1395; x_wconf 90' lang='lat' dir='ltr'><strong>altera</strong></span> <span class='ocrx_word' id='word_1_75' title='bbox 614 1329 773 1412; x_wconf 82' lang='lat' dir='ltr'><strong>excipitur</strong></span> <span class='ocrx_word' id='word_1_76' title='bbox 789 1327 1010 1394; x_wconf 90' lang='lat' dir='ltr'><strong>coniunctione</strong></span> <span class='ocrx_word' id='word_1_77' title='bbox 1027 1320 1079 1411; x_wconf 75' lang='grc' dir='ltr'><strong>ὡς,</strong></span> <span class='ocrx_word' id='word_1_78' title='bbox 1104 1328 1265 1411; x_wconf 88' lang='lat' dir='ltr'><strong>particula</strong></span> <span class='ocrx_word' id='word_1_79' title='bbox 1281 1325 1423 1391; x_wconf 74' lang='grc' dir='ltr'><strong><em>ἐνθαῦτα</em></strong></span> <span class='ocrx_word' id='word_1_80' title='bbox 1439 1332 1530 1392; x_wconf 86' lang='lat' dir='ltr'><strong>certe</strong></span> 
     </span>
     <span class='ocr_line' id='line_1_11' title="bbox 255 1434 1529 1518; baseline -0.003 -16"><span class='ocrx_word' id='word_1_81' title='bbox 255 1456 292 1502; x_wconf 93' lang='lat' dir='ltr'><strong>eo</strong></span> <span class='ocrx_word' id='word_1_82' title='bbox 325 1436 456 1502; x_wconf 91' lang='lat' dir='ltr'><strong>consilio</strong></span> <span class='ocrx_word' id='word_1_83' title='bbox 489 1456 509 1501; x_wconf 91' lang='lat' dir='ltr'><strong>a</strong></span> <span class='ocrx_word' id='word_1_84' title='bbox 540 1436 697 1518; x_wconf 81' lang='lat' dir='ltr'><strong>scriptore</strong></span> <span class='ocrx_word' id='word_1_85' title='bbox 734 1436 840 1518; x_wconf 90' lang='lat' dir='ltr'><strong>posita</strong></span> <span class='ocrx_word' id='word_1_86' title='bbox 874 1441 934 1518; x_wconf 91' lang='lat' dir='ltr'><strong>est,</strong></span> <span class='ocrx_word' id='word_1_87' title='bbox 970 1441 1006 1500; x_wconf 95' lang='lat' dir='ltr'><strong>ut</strong></span> <span class='ocrx_word' id='word_1_88' title='bbox 1040 1434 1162 1515; x_wconf 90' lang='lat' dir='ltr'><strong>aliquid</strong></span> <span class='ocrx_word' id='word_1_89' title='bbox 1198 1435 1303 1500; x_wconf 92' lang='lat' dir='ltr'><strong>subito</strong></span> <span class='ocrx_word' id='word_1_90' title='bbox 1335 1442 1369 1500; x_wconf 91' lang='lat' dir='ltr'><strong>et</strong></span> <span class='ocrx_word' id='word_1_91' title='bbox 1398 1439 1529 1517; x_wconf 88' lang='lat' dir='ltr'><strong>praeter</strong></span> 
     </span>
     <span class='ocr_line' id='line_1_12' title="bbox 255 1541 1530 1626; baseline -0.002 -18"><span class='ocrx_word' id='word_1_92' title='bbox 255 1543 529 1626; x_wconf 85' lang='lat' dir='ltr'><strong>exspectationem</strong></span> <span class='ocrx_word' id='word_1_93' title='bbox 552 1543 672 1608; x_wconf 85' lang='lat' dir='ltr'><strong>factum</strong></span> <span class='ocrx_word' id='word_1_94' title='bbox 697 1562 769 1608; x_wconf 90' lang='lat' dir='ltr'><strong>esse</strong></span> <span class='ocrx_word' id='word_1_95' title='bbox 798 1541 966 1624; x_wconf 83' lang='lat' dir='ltr'><strong>significet.</strong></span> <span class='ocrx_word' id='word_1_96' title='bbox 1019 1541 1124 1607; x_wconf 87' lang='lat' dir='ltr'><strong>Simili</strong></span> <span class='ocrx_word' id='word_1_97' title='bbox 1151 1545 1242 1608; x_wconf 89' lang='lat' dir='ltr'><strong>modo</strong></span> <span class='ocrx_word' id='word_1_98' title='bbox 1272 1542 1448 1625; x_wconf 90' lang='lat' dir='ltr'><strong>composita</strong></span> <span class='ocrx_word' id='word_1_99' title='bbox 1476 1547 1530 1607; x_wconf 88' lang='lat' dir='ltr'><strong>est</strong></span> 
     </span>
     <span class='ocr_line' id='line_1_13' title="bbox 254 1647 1529 1733; baseline -0.002 -17"><span class='ocrx_word' id='word_1_100' title='bbox 254 1651 396 1733; x_wconf 89' lang='lat' dir='ltr'><strong>protasis</strong></span> <span class='ocrx_word' id='word_1_101' title='bbox 413 1650 494 1715; x_wconf 82' lang='lat' dir='ltr'>VIII</span> <span class='ocrx_word' id='word_1_102' title='bbox 511 1655 562 1732; x_wconf 82' lang='grc'><strong>67,</strong></span> <span class='ocrx_word' id='word_1_103' title='bbox 588 1651 644 1715; x_wconf 92' lang='lat' dir='ltr'><strong>sed</strong></span> <span class='ocrx_word' id='word_1_104' title='bbox 666 1649 828 1733; x_wconf 89' lang='lat' dir='ltr'><strong>particula</strong></span> <span class='ocrx_word' id='word_1_105' title='bbox 852 1647 994 1713; x_wconf 72' lang='grc' dir='ltr'><strong><em>ἐνθαῦτα</em></strong></span> <span class='ocrx_word' id='word_1_106' title='bbox 1017 1651 1076 1715; x_wconf 92' lang='lat' dir='ltr'><strong>hoc</strong></span> <span class='ocrx_word' id='word_1_107' title='bbox 1096 1651 1164 1715; x_wconf 92' lang='lat' dir='ltr'><strong>loco</strong></span> <span class='ocrx_word' id='word_1_108' title='bbox 1181 1649 1261 1714; x_wconf 90' lang='lat' dir='ltr'><strong>nihil</strong></span> <span class='ocrx_word' id='word_1_109' title='bbox 1277 1649 1363 1715; x_wconf 90' lang='lat' dir='ltr'><strong>aliud</strong></span> <span class='ocrx_word' id='word_1_110' title='bbox 1380 1654 1529 1732; x_wconf 88' lang='lat' dir='ltr'><strong>spectare</strong></span> 
     </span>
     <span class='ocr_line' id='line_1_14' title="bbox 254 1755 1530 1841; baseline -0.003 -18"><span class='ocrx_word' id='word_1_111' title='bbox 254 1757 392 1841; x_wconf 85' lang='lat' dir='ltr'><strong>videtur,</strong></span> <span class='ocrx_word' id='word_1_112' title='bbox 417 1757 480 1822; x_wconf 90' lang='lat' dir='ltr'><strong>nisi</strong></span> <span class='ocrx_word' id='word_1_113' title='bbox 497 1762 533 1822; x_wconf 87' lang='lat' dir='ltr'><strong>ut</strong></span> <span class='ocrx_word' id='word_1_114' title='bbox 549 1757 777 1823; x_wconf 83' lang='lat' dir='ltr'><strong>antecedentia</strong></span> <span class='ocrx_word' id='word_1_115' title='bbox 793 1756 1049 1840; x_wconf 87' lang='lat' dir='ltr'><strong>comprehendat,</strong></span> <span class='ocrx_word' id='word_1_116' title='bbox 1066 1756 1098 1822; x_wconf 91' lang='lat' dir='ltr'><strong>id</strong></span> <span class='ocrx_word' id='word_1_117' title='bbox 1115 1757 1198 1838; x_wconf 86' lang='lat' dir='ltr'><strong>quod</strong></span> <span class='ocrx_word' id='word_1_118' title='bbox 1214 1758 1254 1822; x_wconf 91' lang='lat' dir='ltr'><strong>de</strong></span> <span class='ocrx_word' id='word_1_119' title='bbox 1270 1755 1388 1822; x_wconf 89' lang='lat' dir='ltr'><strong>ceteris</strong></span> <span class='ocrx_word' id='word_1_120' title='bbox 1404 1772 1530 1838; x_wconf 82' lang='lat' dir='ltr'><strong>qrroque</strong></span> 
     </span>
     <span class='ocr_line' id='line_1_15' title="bbox 254 1860 1530 1946; baseline -0.003 -16"><span class='ocrx_word' id='word_1_121' title='bbox 254 1864 395 1946; x_wconf 82' lang='lat' dir='ltr'><strong>periodis</strong></span> <span class='ocrx_word' id='word_1_122' title='bbox 419 1861 491 1929; x_wconf 77' lang='grc' dir='ltr'><strong><em>ἐπεί</em></strong></span> <span class='ocrx_word' id='word_1_123' title='bbox 517 1902 555 1910; x_wconf 85' lang='lat'>-</span> <span class='ocrx_word' id='word_1_124' title='bbox 581 1860 724 1927; x_wconf 70' lang='grc' dir='ltr'><strong><em>ἐνθαῦτα</em></strong></span> <span class='ocrx_word' id='word_1_125' title='bbox 746 1863 879 1930; x_wconf 85' lang='lat' dir='ltr'><strong>vocibus</strong></span> <span class='ocrx_word' id='word_1_126' title='bbox 902 1862 1050 1928; x_wconf 78' lang='lat' dir='ltr'><strong>formatIs</strong></span> <span class='ocrx_word' id='word_1_127' title='bbox 1075 1863 1279 1929; x_wconf 89' lang='lat' dir='ltr'><strong>statuendum</strong></span> <span class='ocrx_word' id='word_1_128' title='bbox 1305 1868 1369 1928; x_wconf 91' lang='lat' dir='ltr'><strong>est:</strong></span> <span class='ocrx_word' id='word_1_129' title='bbox 1400 1861 1452 1927; x_wconf 92' lang='lat' dir='ltr'><strong>III</strong></span> <span class='ocrx_word' id='word_1_130' title='bbox 1478 1868 1530 1945; x_wconf 89' lang='grc'><strong>11,</strong></span> 
     </span>
     <span class='ocr_line' id='line_1_16' title="bbox 256 1969 1533 2055; baseline 0 -21"><span class='ocrx_word' id='word_1_131' title='bbox 256 1971 320 2036; x_wconf 92' lang='lat' dir='ltr'><strong>VII</strong></span> <span class='ocrx_word' id='word_1_132' title='bbox 338 1976 411 2055; x_wconf 77' lang='lat'><strong>211,</strong></span> <span class='ocrx_word' id='word_1_133' title='bbox 430 1971 512 2037; x_wconf 92' lang='lat' dir='ltr'>VIII</span> <span class='ocrx_word' id='word_1_134' title='bbox 530 1977 581 2036; x_wconf 80' lang='lat'><strong>27.</strong></span> <span class='ocrx_word' id='word_1_135' title='bbox 599 1977 652 2055; x_wconf 87' lang='lat'><strong>89,</strong></span> <span class='ocrx_word' id='word_1_136' title='bbox 669 1971 719 2036; x_wconf 89' lang='lat' dir='ltr'><strong>IX</strong></span> <span class='ocrx_word' id='word_1_137' title='bbox 736 1976 787 2036; x_wconf 86' lang='lat'><strong>98.</strong></span> <span class='ocrx_word' id='word_1_138' title='bbox 823 1972 955 2036; x_wconf 91' lang='lat' dir='ltr'><strong>Duobus</strong></span> <span class='ocrx_word' id='word_1_139' title='bbox 970 1969 1050 2036; x_wconf 90' lang='lat' dir='ltr'><strong>locis</strong></span> <span class='ocrx_word' id='word_1_140' title='bbox 1066 1970 1113 2034; x_wconf 92' lang='lat' dir='ltr'><strong>IV</strong></span> <span class='ocrx_word' id='word_1_141' title='bbox 1132 1975 1203 2053; x_wconf 79' lang='lat'><strong>123,</strong></span> <span class='ocrx_word' id='word_1_142' title='bbox 1224 1970 1272 2036; x_wconf 87' lang='lat' dir='ltr'><strong>VI</strong></span> <span class='ocrx_word' id='word_1_143' title='bbox 1290 1975 1328 2034; x_wconf 87' lang='grc'><strong>16</strong></span> <span class='ocrx_word' id='word_1_144' title='bbox 1353 1969 1533 2052; x_wconf 87' lang='lat' dir='ltr'><strong>particulas</strong></span> 
     </span>
     <span class='ocr_line' id='line_1_17' title="bbox 255 2064 1531 2162; baseline 0 -22"><span class='ocrx_word' id='word_1_145' title='bbox 255 2074 396 2141; x_wconf 69' lang='grc' dir='ltr'><strong><em>ἐνθαῦτα</em></strong></span> <span class='ocrx_word' id='word_1_146' title='bbox 419 2076 455 2162; x_wconf 75' lang='grc' dir='ltr'><strong>δὴ</strong></span> <span class='ocrx_word' id='word_1_147' title='bbox 478 2078 511 2142; x_wconf 88' lang='lat' dir='ltr'><strong>iu</strong></span> <span class='ocrx_word' id='word_1_148' title='bbox 534 2078 626 2143; x_wconf 79' lang='lat' dir='ltr'><strong>tuitio</strong></span> <span class='ocrx_word' id='word_1_149' title='bbox 651 2078 800 2160; x_wconf 91' lang='lat' dir='ltr'><strong>apodosis</strong></span> <span class='ocrx_word' id='word_1_150' title='bbox 823 2077 959 2160; x_wconf 78' lang='lat' dir='ltr'><strong>legimus</strong></span> <span class='ocrx_word' id='word_1_151' title='bbox 980 2083 1014 2142; x_wconf 92' lang='lat' dir='ltr'><strong>et</strong></span> <span class='ocrx_word' id='word_1_152' title='bbox 1030 2064 1269 2160; x_wconf 85' lang='lat' dir='ltr'><strong>comprobatum</strong></span> <span class='ocrx_word' id='word_1_153' title='bbox 1285 2078 1429 2143; x_wconf 88' lang='lat' dir='ltr'><strong>videmus</strong></span> <span class='ocrx_word' id='word_1_154' title='bbox 1445 2077 1531 2157; x_wconf 87' lang='lat' dir='ltr'><strong>quod</strong></span> 
     </span>
     <span class='ocr_line' id='line_1_18' title="bbox 255 2181 1530 2268; baseline -0.002 -19"><span class='ocrx_word' id='word_1_155' title='bbox 255 2202 352 2266; x_wconf 90' lang='lat' dir='ltr'><strong>supra</strong></span> <span class='ocrx_word' id='word_1_156' title='bbox 368 2184 543 2250; x_wconf 91' lang='lat' dir='ltr'><strong>monuimus</strong></span> <span class='ocrx_word' id='word_1_157' title='bbox 567 2190 759 2250; x_wconf 90' lang='lat' dir='ltr'><strong>momentum</strong></span> <span class='ocrx_word' id='word_1_158' title='bbox 782 2185 910 2266; x_wconf 87' lang='lat' dir='ltr'><strong>aliquod</strong></span> <span class='ocrx_word' id='word_1_159' title='bbox 934 2203 1035 2267; x_wconf 83' lang='lat' dir='ltr'><strong>grave</strong></span> <span class='ocrx_word' id='word_1_160' title='bbox 1059 2191 1156 2266; x_wconf 88' lang='lat' dir='ltr'><strong>atque</strong></span> <span class='ocrx_word' id='word_1_161' title='bbox 1179 2184 1437 2268; x_wconf 89' lang='lat' dir='ltr'><strong>inexspectatum</strong></span> <span class='ocrx_word' id='word_1_162' title='bbox 1459 2181 1530 2247; x_wconf 90' lang='lat' dir='ltr'><strong>illis</strong></span> 
     </span>
     <span class='ocr_line' id='line_1_19' title="bbox 253 2283 1528 2375; baseline -0.001 -20"><span class='ocrx_word' id='word_1_163' title='bbox 253 2291 421 2372; x_wconf 87' lang='lat' dir='ltr'><strong>particulis</strong></span> <span class='ocrx_word' id='word_1_164' title='bbox 444 2291 567 2356; x_wconf 89' lang='lat' dir='ltr'><strong>inferri.</strong></span> <span class='ocrx_word' id='word_1_165' title='bbox 616 2293 706 2375; x_wconf 74' lang='lat' dir='ltr'><strong>Quod</strong></span> <span class='ocrx_word' id='word_1_166' title='bbox 725 2294 765 2357; x_wconf 88' lang='lat' dir='ltr'><strong>ad</strong></span> <span class='ocrx_word' id='word_1_167' title='bbox 790 2292 948 2358; x_wconf 88' lang='lat' dir='ltr'><strong>rationem</strong></span> <span class='ocrx_word' id='word_1_168' title='bbox 972 2297 1148 2374; x_wconf 89' lang='lat' dir='ltr'><strong>temporum</strong></span> <span class='ocrx_word' id='word_1_169' title='bbox 1173 2292 1303 2375; x_wconf 82' lang='lat' dir='ltr'><strong>attinet,</strong></span> <span class='ocrx_word' id='word_1_170' title='bbox 1328 2283 1410 2373; x_wconf 84' lang='lat' dir='ltr'><strong>quae</strong></span> <span class='ocrx_word' id='word_1_171' title='bbox 1433 2289 1528 2355; x_wconf 90' lang='lat' dir='ltr'><strong>nobis</strong></span> 
     </span>
     <span class='ocr_line' id='line_1_20' title="bbox 195 2389 1529 2481; baseline -0.001 -20"><span class='ocrx_word' id='word_1_172' title='bbox 195 2427 197 2432; x_wconf 34' lang='lat' dir='ltr'>v</span> <span class='ocrx_word' id='word_1_173' title='bbox 254 2397 332 2462; x_wconf 91' lang='lat' dir='ltr'><strong>locis</strong></span> <span class='ocrx_word' id='word_1_174' title='bbox 356 2397 466 2463; x_wconf 89' lang='lat' dir='ltr'><strong>allatis</strong></span> <span class='ocrx_word' id='word_1_175' title='bbox 491 2399 616 2464; x_wconf 79' lang='lat' dir='ltr'><strong>obVIam</strong></span> <span class='ocrx_word' id='word_1_176' title='bbox 640 2399 730 2480; x_wconf 85' lang='lat' dir='ltr'><strong>fiunt,</strong></span> <span class='ocrx_word' id='word_1_177' title='bbox 754 2400 925 2465; x_wconf 91' lang='lat' dir='ltr'><strong>tenendum</strong></span> <span class='ocrx_word' id='word_1_178' title='bbox 949 2399 1086 2481; x_wconf 89' lang='lat' dir='ltr'><strong>videtur,</strong></span> <span class='ocrx_word' id='word_1_179' title='bbox 1110 2389 1193 2481; x_wconf 85' lang='lat' dir='ltr'><strong>quod</strong></span> <span class='ocrx_word' id='word_1_180' title='bbox 1217 2418 1315 2481; x_wconf 91' lang='lat' dir='ltr'><strong>supra</strong></span> <span class='ocrx_word' id='word_1_181' title='bbox 1331 2399 1370 2464; x_wconf 91' lang='lat' dir='ltr'><strong>de</strong></span> <span class='ocrx_word' id='word_1_182' title='bbox 1387 2395 1529 2480; x_wconf 90' lang='lat' dir='ltr'><strong>periodis</strong></span> 
     </span>
     <span class='ocr_line' id='line_1_21' title="bbox 255 2496 1530 2588; baseline 0.005 -23"><span class='ocrx_word' id='word_1_183' title='bbox 255 2496 298 2580; x_wconf 77' lang='grc' dir='ltr'><strong>ὡς</strong></span> <span class='ocrx_word' id='word_1_184' title='bbox 324 2542 362 2550; x_wconf 82' lang='grc'><strong>-</strong></span> <span class='ocrx_word' id='word_1_185' title='bbox 392 2501 533 2568; x_wconf 66' lang='grc' dir='ltr'><strong><em>ἐνθαῦτα</em></strong></span> <span class='ocrx_word' id='word_1_186' title='bbox 556 2505 678 2570; x_wconf 91' lang='lat' dir='ltr'><strong>voculis</strong></span> <span class='ocrx_word' id='word_1_187' title='bbox 712 2505 859 2571; x_wconf 87' lang='lat' dir='ltr'><strong>formatis</strong></span> <span class='ocrx_word' id='word_1_188' title='bbox 889 2505 995 2572; x_wconf 88' lang='lat' dir='ltr'><strong>obiter</strong></span> <span class='ocrx_word' id='word_1_189' title='bbox 1024 2505 1203 2588; x_wconf 85' lang='lat' dir='ltr'><strong>attigimus,</strong></span> <span class='ocrx_word' id='word_1_190' title='bbox 1233 2505 1454 2588; x_wconf 84' lang='lat' dir='ltr'><strong>imperfectum</strong></span> <span class='ocrx_word' id='word_1_191' title='bbox 1485 2509 1530 2572; x_wconf 90' lang='lat' dir='ltr'><strong>ab</strong></span> 
     </span>
     <span class='ocr_line' id='line_1_22' title="bbox 253 2611 1528 2706; baseline 0 -30"><span class='ocrx_word' id='word_1_192' title='bbox 253 2613 417 2678; x_wconf 90' lang='lat' dir='ltr'><strong>Herodoto</strong></span> <span class='ocrx_word' id='word_1_193' title='bbox 440 2611 493 2678; x_wconf 90' lang='lat' dir='ltr'><strong>hic</strong></span> <span class='ocrx_word' id='word_1_194' title='bbox 516 2612 584 2676; x_wconf 93' lang='lat' dir='ltr'><strong>illic</strong></span> <span class='ocrx_word' id='word_1_195' title='bbox 606 2612 639 2676; x_wconf 91' lang='lat' dir='ltr'><strong>in</strong></span> <span class='ocrx_word' id='word_1_196' title='bbox 663 2612 841 2678; x_wconf 89' lang='lat' dir='ltr'><strong>enuntiatis</strong></span> <span class='ocrx_word' id='word_1_197' title='bbox 866 2613 1066 2706; x_wconf 84' lang='lat' dir='ltr'><strong>secundariis</strong></span> <span class='ocrx_word' id='word_1_198' title='bbox 1084 2612 1206 2704; x_wconf 86' lang='lat' dir='ltr'><strong>aoristi</strong></span> <span class='ocrx_word' id='word_1_199' title='bbox 1228 2613 1262 2678; x_wconf 93' lang='lat' dir='ltr'><strong>vi</strong></span> <span class='ocrx_word' id='word_1_200' title='bbox 1284 2613 1443 2696; x_wconf 89' lang='lat' dir='ltr'><strong>usurpari.</strong></span> <span class='ocrx_word' id='word_1_201' title='bbox 1485 2611 1528 2678; x_wconf 86' lang='lat' dir='ltr'><strong>cf.</strong></span> 
     </span>
     <span class='ocr_line' id='line_1_23' title="bbox 254 2718 1529 2812; baseline 0 -30"><span class='ocrx_word' id='word_1_202' title='bbox 254 2718 306 2783; x_wconf 92' lang='lat' dir='ltr'><strong>III</strong></span> <span class='ocrx_word' id='word_1_203' title='bbox 325 2725 374 2802; x_wconf 91' lang='lat' dir='ltr'><strong>ll,</strong></span> <span class='ocrx_word' id='word_1_204' title='bbox 392 2719 456 2784; x_wconf 89' lang='lat' dir='ltr'><strong>VII</strong></span> <span class='ocrx_word' id='word_1_205' title='bbox 473 2724 545 2812; x_wconf 72' lang='grc'><strong>211,</strong></span> <span class='ocrx_word' id='word_1_206' title='bbox 562 2719 613 2784; x_wconf 89' lang='grc' dir='ltr'><strong>ΙΧ</strong></span> <span class='ocrx_word' id='word_1_207' title='bbox 629 2724 680 2784; x_wconf 85' lang='lat'><strong>98.</strong></span> <span class='ocrx_word' id='word_1_208' title='bbox 728 2721 817 2785; x_wconf 90' lang='lat' dir='ltr'><strong>Duas</strong></span> <span class='ocrx_word' id='word_1_209' title='bbox 842 2739 894 2785; x_wconf 87' lang='lat' dir='ltr'><strong>res</strong></span> <span class='ocrx_word' id='word_1_210' title='bbox 919 2722 1027 2786; x_wconf 88' lang='lat' dir='ltr'><strong>eodem</strong></span> <span class='ocrx_word' id='word_1_211' title='bbox 1053 2726 1195 2803; x_wconf 88' lang='lat' dir='ltr'><strong>tempore</strong></span> <span class='ocrx_word' id='word_1_212' title='bbox 1216 2720 1322 2786; x_wconf 85' lang='lat' dir='ltr'><strong>factas</strong></span> <span class='ocrx_word' id='word_1_213' title='bbox 1339 2738 1410 2785; x_wconf 90' lang='lat' dir='ltr'><strong>esse</strong></span> <span class='ocrx_word' id='word_1_214' title='bbox 1427 2718 1529 2801; x_wconf 82' lang='lat' dir='ltr'><strong>signi-</strong></span> 
     </span>
     <span class='ocr_line' id='line_1_24' title="bbox 253 2824 1529 2911; baseline 0.001 -22"><span class='ocrx_word' id='word_1_215' title='bbox 253 2825 369 2890; x_wconf 90' lang='lat' dir='ltr'><strong>ficatur</strong></span> <span class='ocrx_word' id='word_1_216' title='bbox 392 2824 578 2908; x_wconf 86' lang='lat' dir='ltr'><strong>imperfecto</strong></span> <span class='ocrx_word' id='word_1_217' title='bbox 602 2826 634 2891; x_wconf 93' lang='lat' dir='ltr'><strong>in</strong></span> <span class='ocrx_word' id='word_1_218' title='bbox 658 2827 783 2908; x_wconf 87' lang='lat' dir='ltr'><strong>protasi</strong></span> <span class='ocrx_word' id='word_1_219' title='bbox 807 2825 841 2892; x_wconf 88' lang='lat' dir='ltr'><strong>et</strong></span> <span class='ocrx_word' id='word_1_220' title='bbox 863 2827 896 2891; x_wconf 92' lang='lat' dir='ltr'><strong>iu</strong></span> <span class='ocrx_word' id='word_1_221' title='bbox 918 2829 1051 2910; x_wconf 81' lang='lat' dir='ltr'><strong>epodosi</strong></span> <span class='ocrx_word' id='word_1_222' title='bbox 1074 2828 1190 2911; x_wconf 86' lang='lat' dir='ltr'><strong>posito,</strong></span> <span class='ocrx_word' id='word_1_223' title='bbox 1214 2828 1335 2894; x_wconf 84' lang='lat' dir='ltr'><strong>veluti</strong></span> <span class='ocrx_word' id='word_1_224' title='bbox 1362 2832 1432 2909; x_wconf 84' lang='lat'><strong>189,</strong></span> <span class='ocrx_word' id='word_1_225' title='bbox 1456 2845 1529 2891; x_wconf 92' lang='lat' dir='ltr'><strong>cum</strong></span> 
     </span>
     <span class='ocr_line' id='line_1_25' title="bbox 254 2932 1527 3018; baseline 0.002 -22"><span class='ocrx_word' id='word_1_226' title='bbox 254 2932 394 3000; x_wconf 89' lang='lat' dir='ltr'><strong>aoristus</strong></span> <span class='ocrx_word' id='word_1_227' title='bbox 423 2939 578 3014; x_wconf 89' lang='lat' dir='ltr'><strong>sequente</strong></span> <span class='ocrx_word' id='word_1_228' title='bbox 606 2932 727 2998; x_wconf 89' lang='lat' dir='ltr'><strong>aoristo</strong></span> <span class='ocrx_word' id='word_1_229' title='bbox 755 2933 806 2998; x_wconf 87' lang='lat' dir='ltr'><strong>vel</strong></span> <span class='ocrx_word' id='word_1_230' title='bbox 835 2933 1001 3016; x_wconf 90' lang='lat' dir='ltr'><strong>praesenti</strong></span> <span class='ocrx_word' id='word_1_231' title='bbox 1029 2935 1080 3002; x_wconf 87' lang='lat' dir='ltr'><strong>vel</strong></span> <span class='ocrx_word' id='word_1_232' title='bbox 1110 2933 1296 3018; x_wconf 82' lang='lat' dir='ltr'><strong>imperfecto</strong></span> <span class='ocrx_word' id='word_1_233' title='bbox 1326 2952 1423 3017; x_wconf 90' lang='lat' dir='ltr'><strong>saepe</strong></span> <span class='ocrx_word' id='word_1_234' title='bbox 1454 2952 1527 2998; x_wconf 93' lang='lat' dir='ltr'><strong>eum</strong></span> 
     </span>
     <span class='ocr_line' id='line_1_26' title="bbox 254 3039 1529 3125; baseline 0.002 -22"><span class='ocrx_word' id='word_1_235' title='bbox 254 3041 293 3104; x_wconf 90' lang='lat' dir='ltr'><strong>ad</strong></span> <span class='ocrx_word' id='word_1_236' title='bbox 323 3039 466 3104; x_wconf 89' lang='lat' dir='ltr'><strong>finema</strong></span> <span class='ocrx_word' id='word_1_237' title='bbox 495 3039 651 3122; x_wconf 90' lang='lat' dir='ltr'><strong>scriptore</strong></span> <span class='ocrx_word' id='word_1_238' title='bbox 685 3039 895 3124; x_wconf 85' lang='lat' dir='ltr'><strong>adhiheatur,</strong></span> <span class='ocrx_word' id='word_1_239' title='bbox 926 3046 963 3106; x_wconf 94' lang='lat' dir='ltr'><strong>ut</strong></span> <span class='ocrx_word' id='word_1_240' title='bbox 998 3060 1037 3106; x_wconf 90' lang='lat' dir='ltr'><strong>ea</strong></span> <span class='ocrx_word' id='word_1_241' title='bbox 1071 3060 1153 3125; x_wconf 87' lang='lat' dir='ltr'><strong>quae</strong></span> <span class='ocrx_word' id='word_1_242' title='bbox 1192 3043 1315 3125; x_wconf 89' lang='lat' dir='ltr'><strong>protasi</strong></span> <span class='ocrx_word' id='word_1_243' title='bbox 1349 3042 1529 3108; x_wconf 85' lang='lat' dir='ltr'><strong>afferuntur</strong></span> 
     </span>
     <span class='ocr_line' id='line_1_27' title="bbox 254 3145 1278 3230; baseline 0.007 -22"><span class='ocrx_word' id='word_1_244' title='bbox 254 3145 445 3210; x_wconf 87' lang='lat' dir='ltr'><strong>antecedere</strong></span> <span class='ocrx_word' id='word_1_245' title='bbox 469 3145 601 3227; x_wconf 89' lang='lat' dir='ltr'><strong>apodcsi</strong></span> <span class='ocrx_word' id='word_1_246' title='bbox 625 3145 793 3227; x_wconf 85' lang='lat' dir='ltr'><strong>exprimat.</strong></span> <span class='ocrx_word' id='word_1_247' title='bbox 831 3146 870 3212; x_wconf 86' lang='lat' dir='ltr'><strong>cf.</strong></span> <span class='ocrx_word' id='word_1_248' title='bbox 896 3147 943 3212; x_wconf 83' lang='lat' dir='ltr'><strong>VI</strong></span> <span class='ocrx_word' id='word_1_249' title='bbox 970 3153 1019 3230; x_wconf 85' lang='grc'><strong>16,</strong></span> <span class='ocrx_word' id='word_1_250' title='bbox 1042 3147 1125 3213; x_wconf 83' lang='lat' dir='ltr'>VIII</span> <span class='ocrx_word' id='word_1_251' title='bbox 1150 3154 1200 3215; x_wconf 79' lang='lat'><strong>27.</strong></span> <span class='ocrx_word' id='word_1_252' title='bbox 1228 3157 1278 3215; x_wconf 87' lang='grc'><strong>67.</strong></span> 
     </span>
    </p>
   </div>
   <div class='ocr_carea' id='block_1_4' title="bbox 631 3374 1145 3464">
    <p class='ocr_par' dir='ltr' id='par_1_4' title="bbox 631 3374 1145 3464">
     <span class='ocr_line' id='line_1_28' title="bbox 631 3374 1145 3464; baseline 0.008 -24"><span class='ocrx_word' id='word_1_253' title='bbox 631 3374 719 3440; x_wconf 77' lang='grc' dir='ltr'><strong><em>ἐπεί</em></strong></span> <span class='ocrx_word' id='word_1_254' title='bbox 742 3416 785 3424; x_wconf 93' lang='grc'><strong>-</strong></span> <span class='ocrx_word' id='word_1_255' title='bbox 808 3377 872 3440; x_wconf 86' lang='grc' dir='ltr'><strong>καὶ</strong></span> <span class='ocrx_word' id='word_1_256' title='bbox 897 3376 938 3464; x_wconf 75' lang='grc' dir='ltr'><strong>δὴ</strong></span> <span class='ocrx_word' id='word_1_257' title='bbox 960 3380 1024 3442; x_wconf 90' lang='grc' dir='ltr'><strong>καὶ</strong></span> <span class='ocrx_word' id='word_1_258' title='bbox 1047 3379 1145 3444; x_wconf 84' lang='grc' dir='ltr'><strong><em>τότε.</em></strong></span> 
     </span>
    </p>
   </div>
   <div class='ocr_carea' id='block_1_5' title="bbox 188 3563 1532 4725">
    <p class='ocr_par' dir='ltr' id='par_1_5' title="bbox 188 3563 1532 4725">
     <span class='ocr_line' id='line_1_29' title="bbox 341 3563 1525 3664; baseline 0 -27"><span class='ocrx_word' id='word_1_259' title='bbox 341 3571 405 3637; x_wconf 85' lang='lat' dir='ltr'><strong>VH</strong></span> <span class='ocrx_word' id='word_1_260' title='bbox 425 3578 439 3636; x_wconf 91' lang='lat' dir='ltr'><strong>l</strong></span> <span class='ocrx_word' id='word_1_261' title='bbox 458 3563 549 3635; x_wconf 79' lang='grc' dir='ltr'><strong><em>Ἐπεὶ</em></strong></span> <span class='ocrx_word' id='word_1_262' title='bbox 565 3572 598 3636; x_wconf 82' lang='grc' dir='ltr'><strong>δὲ</strong></span> <span class='ocrx_word' id='word_1_263' title='bbox 613 3566 632 3658; x_wconf 74' lang='lat' dir='ltr'><strong>r‘,</strong></span> <span class='ocrx_word' id='word_1_264' title='bbox 647 3563 777 3660; x_wconf 82' lang='grc' dir='ltr'><strong><em>άχχελίη</em></strong></span> <span class='ocrx_word' id='word_1_265' title='bbox 792 3565 928 3637; x_wconf 84' lang='grc' dir='ltr'><strong><em>άπίκετο</em></strong></span> <span class='ocrx_word' id='word_1_266' title='bbox 944 3574 1020 3658; x_wconf 89' lang='grc' dir='ltr'><strong><em>περὶ</em></strong></span> <span class='ocrx_word' id='word_1_267' title='bbox 1037 3583 1092 3662; x_wconf 75' lang='grc' dir='ltr'><strong>της</strong></span> <span class='ocrx_word' id='word_1_268' title='bbox 1107 3574 1208 3664; x_wconf 80' lang='grc' dir='ltr'><strong><em>μάχης</em></strong></span> <span class='ocrx_word' id='word_1_269' title='bbox 1224 3585 1279 3663; x_wconf 78' lang='grc' dir='ltr'><strong>της</strong></span> <span class='ocrx_word' id='word_1_270' title='bbox 1296 3572 1328 3640; x_wconf 77' lang='grc' dir='ltr'><strong>ἐν</strong></span> <span class='ocrx_word' id='word_1_271' title='bbox 1344 3580 1525 3661; x_wconf 73' lang='grc' dir='ltr'><strong><em>Μαραθῶνι</em></strong></span> 
     </span>
     <span class='ocr_line' id='line_1_30' title="bbox 253 3674 1529 3767; baseline 0.003 -27"><span class='ocrx_word' id='word_1_272' title='bbox 253 3682 418 3764; x_wconf 66' lang='grc' dir='ltr'><strong><em>γενομένης</em></strong></span> <span class='ocrx_word' id='word_1_273' title='bbox 442 3677 528 3762; x_wconf 81' lang='grc' dir='ltr'><strong><em>παρὰ</em></strong></span> <span class='ocrx_word' id='word_1_274' title='bbox 555 3680 687 3762; x_wconf 72' lang='grc' dir='ltr'><strong><em>βασιλέα</em></strong></span> <span class='ocrx_word' id='word_1_275' title='bbox 718 3689 854 3765; x_wconf 78' lang='grc' dir='ltr'><strong><em>Δαρεῖον</em></strong></span> <span class='ocrx_word' id='word_1_276' title='bbox 882 3680 936 3745; x_wconf 83' lang='grc' dir='ltr'><strong>τὸν</strong></span> <span class='ocrx_word' id='word_1_277' title='bbox 965 3674 1162 3758; x_wconf 66' lang='grc' dir='ltr'><strong><em>Ὑστάσπεος</em></strong></span> <span class='ocrx_word' id='word_1_278' title='bbox 1191 3684 1245 3746; x_wconf 82' lang='grc' dir='ltr'><strong>καὶ</strong></span> <span class='ocrx_word' id='word_1_279' title='bbox 1275 3683 1351 3767; x_wconf 85' lang='grc' dir='ltr'><strong><em>πρὶν</em></strong></span> <span class='ocrx_word' id='word_1_280' title='bbox 1380 3681 1529 3766; x_wconf 75' lang='grc' dir='ltr'><strong><em>μεγάλως</em></strong></span> 
     </span>
     <span class='ocr_line' id='line_1_31' title="bbox 188 3778 1528 3877; baseline 0.006 -33"><span class='ocrx_word' id='word_1_281' title='bbox 188 3839 190 3844; x_wconf 80' lang='grc'><strong>,</strong></span> <span class='ocrx_word' id='word_1_282' title='bbox 253 3789 481 3869; x_wconf 73' lang='grc' dir='ltr'><strong><em>κεχαραγμένον</em></strong></span> <span class='ocrx_word' id='word_1_283' title='bbox 505 3797 590 3850; x_wconf 84' lang='grc' dir='ltr'><strong><em>τοῖσι</em></strong></span> <span class='ocrx_word' id='word_1_284' title='bbox 604 3778 800 3872; x_wconf 62' lang='grc' dir='ltr'><strong><em>Ἀθηναίοισι</em></strong></span> <span class='ocrx_word' id='word_1_285' title='bbox 823 3785 875 3852; x_wconf 87' lang='grc' dir='ltr'><strong>διά</strong></span> <span class='ocrx_word' id='word_1_286' title='bbox 899 3786 954 3874; x_wconf 72' lang='grc' dir='ltr'><strong>τὴν</strong></span> <span class='ocrx_word' id='word_1_287' title='bbox 978 3785 1009 3864; x_wconf 78' lang='grc' dir='ltr'><strong>ἒς</strong></span> <span class='ocrx_word' id='word_1_288' title='bbox 1025 3788 1139 3873; x_wconf 77' lang='grc' dir='ltr'><strong><em>Σάρδις</em></strong></span> <span class='ocrx_word' id='word_1_289' title='bbox 1155 3787 1289 3876; x_wconf 77' lang='grc' dir='ltr'><strong>ἒςβολήν,</strong></span> <span class='ocrx_word' id='word_1_290' title='bbox 1314 3790 1377 3853; x_wconf 83' lang='grc' dir='ltr'><strong><em>καὶ.</em></strong></span> <span class='ocrx_word' id='word_1_291' title='bbox 1400 3788 1441 3877; x_wconf 77' lang='grc' dir='ltr'><strong>δὴ</strong></span> <span class='ocrx_word' id='word_1_292' title='bbox 1463 3790 1528 3852; x_wconf 83' lang='grc' dir='ltr'><strong>καὶ</strong></span> 
     </span>
     <span class='ocr_line' id='line_1_32' title="bbox 253 3889 1527 3984; baseline 0.005 -31"><span class='ocrx_word' id='word_1_293' title='bbox 253 3889 342 3955; x_wconf 86' lang='grc' dir='ltr'><strong><em>τότε</em></strong></span> <span class='ocrx_word' id='word_1_294' title='bbox 373 3892 481 3978; x_wconf 72' lang='grc' dir='ltr'><strong><em>πολλῷ</em></strong></span> <span class='ocrx_word' id='word_1_295' title='bbox 511 3901 546 3957; x_wconf 87' lang='grc' dir='ltr'><strong>τε</strong></span> <span class='ocrx_word' id='word_1_296' title='bbox 576 3892 736 3978; x_wconf 84' lang='grc' dir='ltr'><strong><em>δεινότερα</em></strong></span> <span class='ocrx_word' id='word_1_297' title='bbox 766 3891 873 3958; x_wconf 78' lang='grc' dir='ltr'><strong><em>ἐποίεε</em></strong></span> <span class='ocrx_word' id='word_1_298' title='bbox 904 3895 957 3958; x_wconf 83' lang='grc' dir='ltr'><strong>καὶ</strong></span> <span class='ocrx_word' id='word_1_299' title='bbox 987 3896 1106 3977; x_wconf 79' lang='grc' dir='ltr'><strong><em>μαλλον</em></strong></span> <span class='ocrx_word' id='word_1_300' title='bbox 1136 3892 1263 3984; x_wconf 81' lang='grc' dir='ltr'><strong><em>ὥρμητο</em></strong></span> <span class='ocrx_word' id='word_1_301' title='bbox 1291 3896 1527 3982; x_wconf 71' lang='grc' dir='ltr'><strong><em>στρατεύεσθαι</em></strong></span> 
     </span>
     <span class='ocr_line' id='line_1_33' title="bbox 254 3992 1530 4092; baseline 0.006 -30"><span class='ocrx_word' id='word_1_302' title='bbox 254 3995 309 4064; x_wconf 77' lang='grc' dir='ltr'><strong>ἐπὶ</strong></span> <span class='ocrx_word' id='word_1_303' title='bbox 337 3997 391 4084; x_wconf 76' lang='grc' dir='ltr'><strong>τὴν</strong></span> <span class='ocrx_word' id='word_1_304' title='bbox 413 3992 555 4092; x_wconf 51' lang='grc' dir='ltr'><strong><em>(Ελλάδα.</em></strong></span> <span class='ocrx_word' id='word_1_305' title='bbox 608 4003 750 4067; x_wconf 87' lang='lat' dir='ltr'><strong>Dareum</strong></span> <span class='ocrx_word' id='word_1_306' title='bbox 773 4003 952 4086; x_wconf 88' lang='lat' dir='ltr'><strong>Hystaspis</strong></span> <span class='ocrx_word' id='word_1_307' title='bbox 984 4003 1083 4068; x_wconf 91' lang='lat' dir='ltr'><strong>filium</strong></span> <span class='ocrx_word' id='word_1_308' title='bbox 1112 4004 1366 4070; x_wconf 84' lang='lat' dir='ltr'><strong>Atheniensibus</strong></span> <span class='ocrx_word' id='word_1_309' title='bbox 1397 4011 1530 4087; x_wconf 87' lang='lat' dir='ltr'><strong>propter</strong></span> 
     </span>
     <span class='ocr_line' id='line_1_34' title="bbox 253 4107 1528 4190; baseline 0.002 -18"><span class='ocrx_word' id='word_1_310' title='bbox 253 4107 406 4190; x_wconf 89' lang='lat' dir='ltr'><strong>impetum</strong></span> <span class='ocrx_word' id='word_1_311' title='bbox 429 4114 542 4174; x_wconf 91' lang='lat' dir='ltr'><strong>contra</strong></span> <span class='ocrx_word' id='word_1_312' title='bbox 562 4109 682 4175; x_wconf 84' lang='lat' dir='ltr'><strong>Sardes</strong></span> <span class='ocrx_word' id='word_1_313' title='bbox 706 4109 826 4176; x_wconf 85' lang='lat' dir='ltr'><strong>factum</strong></span> <span class='ocrx_word' id='word_1_314' title='bbox 850 4115 1090 4176; x_wconf 88' lang='lat' dir='ltr'><strong>succensentem</strong></span> <span class='ocrx_word' id='word_1_315' title='bbox 1114 4111 1225 4178; x_wconf 91' lang='lat' dir='ltr'><strong>nuntio</strong></span> <span class='ocrx_word' id='word_1_316' title='bbox 1249 4111 1349 4177; x_wconf 90' lang='lat' dir='ltr'><strong>allato</strong></span> <span class='ocrx_word' id='word_1_317' title='bbox 1374 4113 1412 4178; x_wconf 91' lang='lat' dir='ltr'><strong>de</strong></span> <span class='ocrx_word' id='word_1_318' title='bbox 1436 4112 1528 4178; x_wconf 88' lang='lat' dir='ltr'><strong>clade</strong></span> 
     </span>
     <span class='ocr_line' id='line_1_35' title="bbox 254 4214 1528 4300; baseline 0.004 -22"><span class='ocrx_word' id='word_1_319' title='bbox 254 4215 296 4279; x_wconf 92' lang='lat' dir='ltr'><strong>ad</strong></span> <span class='ocrx_word' id='word_1_320' title='bbox 319 4215 542 4280; x_wconf 89' lang='lat' dir='ltr'><strong>Marathonem</strong></span> <span class='ocrx_word' id='word_1_321' title='bbox 572 4222 706 4298; x_wconf 87' lang='lat' dir='ltr'><strong>accepta</strong></span> <span class='ocrx_word' id='word_1_322' title='bbox 736 4214 856 4284; x_wconf 85' lang='lat' dir='ltr'><strong>maiore</strong></span> <span class='ocrx_word' id='word_1_323' title='bbox 884 4218 1034 4284; x_wconf 86' lang='lat' dir='ltr'><strong>affectum</strong></span> <span class='ocrx_word' id='word_1_324' title='bbox 1063 4235 1135 4284; x_wconf 89' lang='lat' dir='ltr'><strong>esse</strong></span> <span class='ocrx_word' id='word_1_325' title='bbox 1165 4217 1216 4284; x_wconf 91' lang='lat' dir='ltr'><strong>ira</strong></span> <span class='ocrx_word' id='word_1_326' title='bbox 1243 4219 1434 4300; x_wconf 86' lang='lat' dir='ltr'><strong>maioreque</strong></span> <span class='ocrx_word' id='word_1_327' title='bbox 1458 4238 1528 4284; x_wconf 94' lang='lat' dir='ltr'><strong>cum</strong></span> 
     </span>
     <span class='ocr_line' id='line_1_36' title="bbox 254 4321 1528 4411; baseline 0.003 -25"><span class='ocrx_word' id='word_1_328' title='bbox 254 4321 360 4386; x_wconf 90' lang='lat' dir='ltr'><strong>studio</strong></span> <span class='ocrx_word' id='word_1_329' title='bbox 383 4321 500 4387; x_wconf 89' lang='lat' dir='ltr'><strong>bellum</strong></span> <span class='ocrx_word' id='word_1_330' title='bbox 524 4328 638 4389; x_wconf 90' lang='lat' dir='ltr'><strong>contra</strong></span> <span class='ocrx_word' id='word_1_331' title='bbox 659 4323 831 4390; x_wconf 80' lang='lat' dir='ltr'><strong>Graeciam</strong></span> <span class='ocrx_word' id='word_1_332' title='bbox 855 4343 972 4408; x_wconf 89' lang='lat' dir='ltr'><strong>parare</strong></span> <span class='ocrx_word' id='word_1_333' title='bbox 996 4325 1165 4408; x_wconf 75' lang='lat' dir='ltr'><strong>particoIIs</strong></span> <span class='ocrx_word' id='word_1_334' title='bbox 1189 4324 1243 4388; x_wconf 87' lang='grc' dir='ltr'><strong>καὶ</strong></span> <span class='ocrx_word' id='word_1_335' title='bbox 1266 4323 1303 4411; x_wconf 71' lang='grc' dir='ltr'><strong>δη</strong></span> <span class='ocrx_word' id='word_1_336' title='bbox 1325 4325 1379 4388; x_wconf 86' lang='grc' dir='ltr'><strong>καὶ</strong></span> <span class='ocrx_word' id='word_1_337' title='bbox 1402 4323 1475 4388; x_wconf 75' lang='grc' dir='ltr'><strong><em>τότε</em></strong></span> <span class='ocrx_word' id='word_1_338' title='bbox 1494 4325 1528 4390; x_wconf 89' lang='lat' dir='ltr'><strong>in</strong></span> 
     </span>
     <span class='ocr_line' id='line_1_37' title="bbox 253 4427 1529 4515; baseline 0.006 -25"><span class='ocrx_word' id='word_1_339' title='bbox 253 4427 346 4492; x_wconf 89' lang='lat' dir='ltr'><strong>initio</strong></span> <span class='ocrx_word' id='word_1_340' title='bbox 370 4429 519 4510; x_wconf 88' lang='lat' dir='ltr'><strong>apodosis</strong></span> <span class='ocrx_word' id='word_1_341' title='bbox 536 4430 651 4511; x_wconf 85' lang='lat' dir='ltr'><strong>positis</strong></span> <span class='ocrx_word' id='word_1_342' title='bbox 668 4431 837 4512; x_wconf 88' lang='lat' dir='ltr'><strong>aptissime</strong></span> <span class='ocrx_word' id='word_1_343' title='bbox 853 4432 1051 4513; x_wconf 84' lang='lat' dir='ltr'><strong>exprimitur.</strong></span> <span class='ocrx_word' id='word_1_344' title='bbox 1082 4433 1144 4496; x_wconf 88' lang='lat' dir='ltr'><strong>His</strong></span> <span class='ocrx_word' id='word_1_345' title='bbox 1160 4432 1330 4515; x_wconf 88' lang='lat' dir='ltr'><strong>particulis</strong></span> <span class='ocrx_word' id='word_1_346' title='bbox 1346 4433 1529 4498; x_wconf 89' lang='lat' dir='ltr'><strong>Herodotus</strong></span> 
     </span>
     <span class='ocr_line' id='line_1_38' title="bbox 254 4533 1529 4622; baseline 0.009 -27"><span class='ocrx_word' id='word_1_347' title='bbox 254 4533 400 4614; x_wconf 81' lang='lat' dir='ltr'><strong>legentes</strong></span> <span class='ocrx_word' id='word_1_348' title='bbox 424 4537 465 4600; x_wconf 91' lang='lat' dir='ltr'><strong>ad</strong></span> <span class='ocrx_word' id='word_1_349' title='bbox 489 4553 634 4617; x_wconf 89' lang='lat' dir='ltr'><strong>eaquae</strong></span> <span class='ocrx_word' id='word_1_350' title='bbox 658 4537 690 4600; x_wconf 90' lang='lat' dir='ltr'><strong>iu</strong></span> <span class='ocrx_word' id='word_1_351' title='bbox 715 4537 923 4618; x_wconf 86' lang='lat' dir='ltr'><strong>sequentibus</strong></span> <span class='ocrx_word' id='word_1_352' title='bbox 948 4540 986 4603; x_wconf 92' lang='lat' dir='ltr'><strong>de</strong></span> <span class='ocrx_word' id='word_1_353' title='bbox 1010 4558 1126 4620; x_wconf 82' lang='lat' dir='ltr'><strong>magno</strong></span> <span class='ocrx_word' id='word_1_354' title='bbox 1151 4546 1311 4622; x_wconf 91' lang='lat' dir='ltr'><strong>apparatu</strong></span> <span class='ocrx_word' id='word_1_355' title='bbox 1334 4540 1411 4605; x_wconf 92' lang='lat' dir='ltr'><strong>belli</strong></span> <span class='ocrx_word' id='word_1_356' title='bbox 1435 4546 1468 4604; x_wconf 88' lang='lat' dir='ltr'><strong>et</strong></span> <span class='ocrx_word' id='word_1_357' title='bbox 1490 4541 1529 4606; x_wconf 92' lang='lat' dir='ltr'><strong>de</strong></span> 
     </span>
     <span class='ocr_line' id='line_1_39' title="bbox 255 4641 1532 4725; baseline 0.004 -19"><span class='ocrx_word' id='word_1_358' title='bbox 255 4641 476 4706; x_wconf 77' lang='lat' dir='ltr'><strong>nunteratIoue</strong></span> <span class='ocrx_word' id='word_1_359' title='bbox 499 4659 688 4725; x_wconf 86' lang='lat' dir='ltr'><strong>magnarum</strong></span> <span class='ocrx_word' id='word_1_360' title='bbox 713 4642 874 4724; x_wconf 88' lang='lat' dir='ltr'><strong>copiarum</strong></span> <span class='ocrx_word' id='word_1_361' title='bbox 898 4645 1101 4710; x_wconf 90' lang='lat' dir='ltr'><strong>terrestrium</strong></span> <span class='ocrx_word' id='word_1_362' title='bbox 1125 4653 1159 4710; x_wconf 90' lang='lat' dir='ltr'><strong>et</strong></span> <span class='ocrx_word' id='word_1_363' title='bbox 1174 4645 1337 4711; x_wconf 85' lang='lat' dir='ltr'><strong>navalium</strong></span> <span class='ocrx_word' id='word_1_364' title='bbox 1354 4645 1532 4713; x_wconf 82' lang='lat' dir='ltr'><strong>afferuntur</strong></span> 
     </span>
    </p>
   </div>
   <div class='ocr_carea' id='block_1_6' title="bbox 0 0 1692 5269">
    <p class='ocr_par' dir='ltr' id='par_1_6' title="bbox 0 0 1692 5269">
     <span class='ocr_line' id='line_1_40' title="bbox 0 0 1692 5269; baseline 0 0"><span class='ocrx_word' id='word_1_365' title='bbox 0 0 1692 5269; x_wconf 95' lang='lat' dir='ltr'><strong> </strong></span> 
     </span>
    </p>
   </div>
  </div>
 </body>
</html>
