3374 5272
277 550 352 637 (nen
370 551 468 616 semel
486 550 595 634 igitur,
621 551 678 616 sed
694 550 877 634 duodecies)
895 554 1038 619 additum
1055 573 1128 620 esse
1151 555 1352 621 enuntiatum
1377 556 1550 622 relativum

276 655 310 721 ‘du
338 655 522 742 Θουκυδίδης
550 655 751 742 ξυνέγραψεν.
799 660 861 723 Ρ10
893 661 1002 726 Verbis
1028 661 1081 726 καὶ
1105 652 1121 724 d
1143 659 1263 743 χειμών
1287 659 1433 726 ἐτελεύτα
1457 651 1551 737 οὗτος

275 763 411 846 legimus
428 764 462 830 H
480 771 520 830 VO
544 765 595 830 fin.
622 773 721 828 ταυτα
744 764 801 844 μέν
826 763 857 829 ἐν
881 774 927 852 τηῖ
941 775 1075 849 χειμῶνι
1092 765 1223 850 ἐγένετο,
1249 787 1331 850 quae
1347 769 1455 850 posita
1470 768 1550 833 mihi

275 871 424 937 videntur
447 871 675 938 concinnitatis
704 892 813 955 eausa,
837 893 910 949 nam
944 875 1038 954 paulo
1068 881 1144 940 ante
1176 876 1210 940 Π
1240 881 1280 940 68
1312 876 1363 940 fin.
1395 895 1435 940 ec
1466 893 1551 957 quae

275 982 403 1043 aestate
427 977 521 1059 primi
540 978 616 1042 anni
639 977 728 1044 fucta
752 985 827 1044 sunt
850 980 963 1045 iisdem
987 981 1055 1046 sere
1073 982 1181 1046 verbis
1205 989 1345 1044 τοσαῦτα
1367 980 1425 1062 μὲν
1449 977 1479 1044 ἐν
1502 989 1550 1065 mg)

275 1087 367 1167 θέρει
404 1081 526 1168 ἐγένετο
560 1086 893 1180 comprehenduntun
913 1087 952 1152 es.
985 1087 1037 1153 ΠΙ
1071 1095 1130 1152 116
1164 1097 1264 1151 ταυτα
1295 1087 1353 1169 μέν
1384 1086 1463 1151 κατὰ
1493 1087 1551 1151 τὸν

271 1199 413 1270 χειμῶνα
429 1199 539 1256 τοῦτον
556 1189 687 1286 ἐγένετο.
725 1193 875 1259 Decimus
892 1195 969 1259 belli
985 1213 1097 1278 annus
1121 1215 1181 1276 qno
1197 1196 1314 1261 bellum
1332 1196 1415 1277 quod
1434 1201 1552 1260 vocant

274 1298 513 1364 Archidamium
537 1299 715 1364 confectum
739 1306 799 1383 est,
823 1301 978 1382 peculiari
1012 1303 1102 1367 modo
1127 1322 1146 1366 a
1170 1303 1327 1382 scripture
1351 1302 1551 1368 concluditur

275 1405 396 1470 duobus
431 1406 510 1471 locis
539 1407 580 1476 V¹
599 1412 639 1471 20
673 1403 754 1470 κατὰ
786 1411 867 1493 θέρη
901 1406 934 1470 δὲ
963 1407 1018 1470 καὶ
1047 1416 1207 1488 χειμῶνας
1240 1400 1402 1493 οίριθμιῦν,
1439 1402 1551 1493 ιῧσντερ

273 1517 460 1598 γέγραντται,
491 1508 625 1602 εὑρήσει,
656 1512 691 1592 ἐξ
712 1508 864 1598 ἡμισείας
893 1513 1039 1600 ἑκατέρου
1071 1525 1127 1578 του
1158 1513 1302 1580 ἐνιαυτοῦ
1320 1513 1388 1602 ’τὴν
1419 1513 1552 1594 δύναμιν

275 1617 407 1702 ἔχοντος,
439 1620 512 1685 δέκα
539 1620 596 1702 μὲν
625 1625 715 1708 θέρη,
748 1620 837 1698 ’ίσους
863 1621 895 1686 δὲ
916 1631 1074 1703 χειμῶνας
1097 1631 1142 1708 τη]
1167 1621 1287 1708 ντραίτητ
1311 1623 1442 1706 νιοίίμηι
1466 1621 1550 1706 apoc

274 1732 504 1813 γεγενημένους,
530 1729 645 1812 quibus
668 1730 778 1796 verbis
802 1730 941 1811 scriptor
966 1739 1129 1811 tamquam
1154 1749 1308 1796 summam
1333 1747 1550 1810 eorumquae

275 1837 471 1904 antecedunt
493 1835 583 1919 facit,
607 1836 779 1902 etiterum
803 1837 832 1899 V
857 1842 899 1902 24
923 1843 995 1918 post
1019 1836 1208 1903 societatem
1231 1837 1316 1902 inter
1333 1835 1551 1901 Athenienses

274 1947 308 2006 et
331 1941 602 2007 Lacedaemonios
624 1927 766 2008 iactam:
800 1943 853 2006 καὶ
881 1940 918 2006 τὸ
947 1947 1044 2027 θέρος
1073 1931 1144 2030 ἦρχε
1175 1952 1229 2008 του
1262 1941 1424 2008 ἑνδεκάτου
1449 1940 1550 2017 ἔτους.

274 2055 374 2110 ταῦτα
398 2047 430 2111 δὲ
453 2047 492 2110 τὰ
518 2048 590 2114 δέκα
615 2046 667 2135 έτη
692 2041 707 2113 ὃ
732 2057 860 2134 ruptices
876 2049 1016 2130 πόλεμος
1033 2049 1165 2130 ξυνεχῶς
1180 2049 1345 2134 γενόμενο,Ι
1361 2053 1549 2134 γέγραντται.

247 2145 325 2220 ‘ua
366 2173 490 2237 quoque
529 2174 610 2237 quae
650 2162 778 2222 aestate
819 2164 914 2240 gesta
950 2167 1025 2222 sunt
1060 2177 1204 2223 seorsum
1239 2157 1552 2239 comprehenduntur

275 2263 460 2344 plerumque
494 2264 603 2329 verbis
638 2265 692 2327 καὶ
723 2263 763 2327 ,τὸ
797 2268 895 2348 θέρος
930 2261 1085 2354 ἐτελεύτα,
1148 2272 1210 2328 Τοῦ
1245 2256 1272 2327 d'
1309 2262 1551 2348 ἐπιγιγνομένου·

188 2454 190 2457 .
272 2377 427 2450 χειμοννς
445 2370 509 2433 ιιι.
535 2369 574 2436 cf.
594 2371 644 2436 111
661 2377 712 2436 sc.
740 2377 812 2453 ιον,
837 2372 883 2435 Iu
900 2372 1006 2454 49,V
1026 2377 1074 2435 ιο.
1101 2378 1151 2435 so.
1179 2377 1229 2436 75.
1255 2377 1308 2437 se.
1336 2378 1406 2454 115,
1431 2372 1476 2434 Vl
1496 2377 1549 2454 cs,

274 2475 340 2540 VII
364 2483 392 2560 9,
422 2476 503 2542 VIII
538 2484 563 2542 l.
597 2484 647 2541 28.
701 2477 782 2559 Alia,
806 2481 906 2543 verba
941 2477 1244 2559 comprehendentia
1273 2478 1409 2560 legimus
1440 2477 1474 2542 II
1506 2484 1549 2542 68

274 2581 326 2646 fin.
351 2592 491 2646 τοσαῦτα
513 2581 571 2664 μὲν
595 2581 627 2648 έν
650 2593 695 2669 mg]
720 2589 812 2670 θέρει
836 2581 968 2668 ἐγένετο,
993 2585 1022 2648 V
1047 2591 1086 2649 35
1111 2582 1148 2648 τὸ
1174 2584 1232 2665 μέν
1256 2572 1309 2647 οὖν
1333 2589 1431 2668 θέρος
1454 2592 1550 2646 τοῦτο

274 2681 387 2774 ἡσυχία
410 2678 445 2776 ἦν
469 2691 523 2754 καὶ
547 2688 658 2777 ’έτγοὸοι
682 2682 758 2775 νεαρ)
783 2682 934 2776 ιῖίληλους
958 2691 1033 2776 (quo
1049 2692 1125 2756 'loco
1151 2691 1355 2773 Thucydides
1378 2691 1466 2756 illam
1491 2711 1551 2772 per

274 2802 444 2881 aestatem,
476 2797 509 2863 id
537 2800 620 2880 qued
648 2798 766 2864 ceteris
796 2799 874 2864 belli
898 2799 1095 2880 temporibus
1119 2799 1175 2863 vix
1198 2818 1258 2863 usu
1283 2798 1380 2881 venit,
1405 2798 1550 2867 indutias

275 2911 424 2970 servatas
448 2924 520 2970 esse
544 2911 658 2970 notare
681 2904 776 2990 vult),
801 2905 829 2969 V
855 2912 895 2969 55
920 2905 973 2967 καὶ
998 2902 1033 2970 τὸ
1057 2909 1155 2988 θέρος
1179 2899 1262 2968 οὕτω
1285 2903 1425 2990 διῆλθεν.

349 3067 408 3132 ¹Ut
430 3066 727 3148 intellegaturque
750 3085 785 3131 re
810 3067 967 3131 adductus
985 3066 1190 3148 Thucydides
1214 3066 1247 3131 in
1271 3066 1333 3130 fine
1351 3065 1550 3148 singulorum

267 3191 429 3262 wannorum
454 3173 504 3239 vel
522 3180 689 3238 'aestatum
713 3173 771 3238 illa
794 3175 895 3238 verba
919 3173 1142 3239 concludentia
1166 3173 1319 3255 posuerit,
1344 3182 1420 3238 ante
1445 3176 1551 3236 eninm

240 3299 241 3304 ¹
275 3278 510 3359 respiciendum
522 3279 651 3346 videtur
667 3280 842 3360 scriptores
858 3287 987 3344 veteres
1001 3299 1103 3360 neque
1118 3279 1257 3344 iudicem
1273 3278 1427 3343 librorum
1448 3297 1550 3358 neque

275 3384 503 3466 inscriptiones
527 3386 727 3468 siugularum
744 3385 884 3467 partium
904 3387 1043 3452 novisse.
1079 3387 1196 3468 ltaque
1219 3386 1271 3452 vel
1288 3385 1424 3452 maxime
1441 3404 1549 3450 eorum

274 3492 433 3556 intererat
456 3491 639 3574 legentibus
664 3493 809 3574 singulas
833 3493 988 3558 librorum
1011 3502 1123 3574 partes
1148 3492 1257 3558 verbis
1288 3491 1550 3557 concludentibus

275 3597 396 3664 additis
420 3599 536 3664 eximie
559 3600 677 3665 notari.

363 3760 534 3826 Formulae
546 3765 583 3825 ut
598 3779 651 3825 res
664 3761 784 3826 maiore
797 3761 932 3826 circuitu
947 3762 1072 3826 relatae
1083 3761 1398 3855 comprehendantur
1416 3759 1549 3840 plerum-

170 3891 174 3896 ·
274 3883 335 3946 que
366 3885 462 3932 sensu
490 3873 578 3932 certo
610 3875 685 3932 811111
712 3870 802 3934 Velut
833 3875 935 3930 ταῦτα
964 3866 1021 3948 μὲν
1047 3907 1085 3914 -
1111 3866 1262 3952 γενόμενα
1292 3866 1344 3932 vel
1375 3865 1403 3928 οί
1428 3865 1484 3946 μέν
1507 3903 1547 3910 —--

275 3967 377 4049 οίίταις
400 3971 569 4058 έιιρασσον.
596 3975 634 4039 cf.
660 3975 713 4040 III
738 3981 778 4040 50
802 3975 855 4040 fin.
880 3973 919 4037 τὰ
952 3973 1010 4056 μὲν
1040 3972 1120 4037 κατὰ
1145 3977 1269 4056 Λέσβου
1294 3968 1395 4050 οὕτως
1419 3970 1566 4056 ἐγένετο,

229 4070 232 4075 ’
276 4080 390 4161 quibus
427 4081 536 4148 verbis
571 4081 677 4147 onmia
712 4083 1021 4164 comprehenduntur
1050 4099 1131 4162 quae
1154 4080 1207 4146 ΠΙ
1240 4087 1345 4146 1-49
1376 4081 1415 4146 de
1445 4080 1549 4144 Lesbo

240 4211 242 4215 ·
274 4187 382 4254 insula
413 4190 516 4254 allata
544 4195 628 4272 sunt,
652 4190 699 4254 IV
723 4194 763 4253 41
789 4189 841 4253 fin.
874 4197 974 4274 ταυτα
1001 4187 1060 4270 μὲν
1088 4186 1127 4252 τὰ
1157 4188 1232 4273 ιιερὶ
1257 4187 1361 4251 Πύλον
1390 4183 1548 4270 γινόμενα,

275 4295 389 4376 quihus
417 4296 526 4363 verbis
555 4315 638 4379 quae
668 4316 759 4379 capp.
791 4302 917 4361 26-·41
950 4297 990 4361 de
1013 4297 1094 4378 Pylo
1119 4295 1223 4360 allata
1247 4300 1323 4360 sunt
1346 4293 1549 4374 eomprehen-

275 4404 402 4469 dllntur.
428 4403 468 4469 cf.
494 4405 565 4468 ΙΙ4
588 4401 618 4469 οἱ
641 4402 699 4484 μὲν
723 4401 758 4489 δὴ
782 4400 814 4467 ἐν
838 4411 875 4488 τη
900 4402 1045 4488 utamur
1070 4397 1172 4477 cismar
1196 4397 1427 4486 έιιεντράγεσαν,
1452 4399 1486 4463 Π
1509 4405 1548 4461 97

275 4510 317 4576 in.
342 4507 382 4574 τὰ
406 4509 463 4592 μὲν
486 4508 567 4595 ephe
589 4509 762 4574 θάλασσαν
784 4507 923 4595 τοσαύτη
946 4497 991 4594 ἦν,
1016 4508 1224 4575 11111411.
1251 4507 1290 4570 τὰ
1314 4506 1371 4587 μέν
1394 4495 1462 4569 κατ’
1477 4496 1550 4585 Ἀμ-

275 4622 415 4706 πρακίαν
438 4612 539 4696 oderes
562 4614 694 4704 ἐγένετο,
720 4617 784 4683 VII
801 4622 841 4682 87
867 4624 968 4683 ταῦτα
991 4615 1049 4698 μὲν
1067 4613 1106 4682 τὰ
1124 4614 1199 4703 ττερὶ
1223 4615 1368 4682 Σικελίαν
1390 4611 1550 4706 γενόμενα·
