3374 5272
849 341 983 434 34
1099 313 1101 324 ’

737 573 740 584 ’
833 555 917 644 Oap.
947 555 1009 625 IV.

221 729 224 734 '
321 689 374 788 De
403 712 606 787 enuntiatis
637 722 676 785 et
706 711 868 785 formulis
900 710 943 783 ad
975 709 1200 786 sententiam
1234 709 1519 784 conciudendam

849 836 993 934 positis.

321 1241 324 1248 ,
373 1175 556 1240 Herodotus
581 1192 649 1239 cum
673 1174 745 1240 fuse
768 1173 956 1255 copioseque
980 1173 1122 1238 scribere
1138 1173 1233 1238 valde
1250 1173 1389 1255 adamet,
1413 1172 1446 1237 in
1461 1174 1556 1236 rebus

286 1280 477 1348 enarrandis
501 1299 628 1362 semper
650 1280 719 1346 fere
742 1299 813 1346 eam
838 1281 982 1361 sequitur
1003 1278 1172 1362 rationem,
1196 1284 1232 1344 ut
1248 1299 1329 1361 quae
1345 1278 1557 1360 compluribus
1676 1311 1677 1356 4

286 1386 446 1469 capitibus
486 1388 654 1454 verbosius
694 1387 843 1453 narravit
881 1387 1025 1453 breviter
1063 1390 1193 1467 repetat
1231 1391 1264 1450 et
1303 1383 1414 1466 paucis
1448 1383 1556 1449 verbis

207 1525 214 1537 ·
286 1495 526 1576 complectatur.
573 1496 687 1577 Itaque
710 1494 895 1576 priusquam
919 1513 955 1559 se
978 1491 1120 1575 accingit
1144 1494 1185 1558 ad
1208 1512 1274 1558 rem
1292 1491 1389 1558 aliam
1406 1499 1559 1556 enarrem·

287 1603 360 1667 dam
382 1601 566 1683 plerumque
590 1601 705 1667 inserit
728 1601 928 1667 enuntiatum
952 1601 1035 1681 quod
1057 1601 1098 1665 ad
1121 1599 1267 1682 proxima
1290 1601 1391 1666 verba
1413 1599 1558 1680 legentes

287 1709 414 1791 relegat
444 1709 598 1790 simulque
633 1713 743 1790 aptum
774 1714 834 1791 est,
867 1727 926 1788 quo
956 1707 1116 1772 transitus
1149 1706 1208 1771 fiat
1243 1708 1284 1771 ad
1316 1705 1438 1786 aliquid
1473 1703 1556 1770 novi.

162 1855 164 1860 ·
287 1818 460 1896 Postquam
485 1814 560 1880 iibri
582 1815 677 1896 primi
700 1814 807 1896 capite
830 1814 927 1880 tertio
952 1833 997 1894 sq.
1022 1813 1150 1880 fabulas
1174 1815 1347 1879 Persarum
1370 1815 1409 1878 de
1433 1813 1560 1877 Helena

287 1928 384 2004 rapta
407 1921 564 2005 narravit,
588 1927 694 2004 oap.‚5
716 1921 757 1986 in.
783 1920 905 2004 pergit:
934 1915 1022 1985 Οὕτω
1037 1919 1095 2001 μὲν
1112 1924 1232 2006 Πέρσαι
1246 1920 1374 2004 λέγουσι
1396 1923 1560 2003 γενέσθαι,

289 2029 402 2110 quibus
425 2028 536 2112 verbis
560 2027 787 2096 antecedentia
810 2033 972 2108 tamquam
989 2027 1222 2111 complectitur,
1246 2027 1295 2092 ita
1311 2034 1419 2094 tamen
1434 2031 1470 2092 ut
1486 2027 1562 2092 novi

289 2135 409 2217 aliquid
425 2127 565 2201 addatur
579 2134 630 2200 his
646 2135 770 2200 verbis:
794 2135 848 2198 καὶ
871 2132 922 2197 διὰ
939 2131 994 2219 τὴν
1010 2125 1101 2197 Ἰλίου
1124 2127 1245 2196 ἅλωσιν
1268 2125 1448 2218 εὑρίσκουσι
1464 2136 1562 2220 σφίσι
1676 2137 1677 2142 ’

291 2240 403 2307 socom
426 2241 481 2327 τὴν
505 2234 599 2329 ἀρχὴν
615 2251 670 2329 τῆς
688 2239 805 2328 ἔχθρης
828 2251 882 2328 τῆς
906 2239 938 2319 ἒς
953 2241 1026 2318 τοὺς
1035 2236 1198 2328 Ἕλληνας.
1238 2244 1412 2322 Postquam
1429 2260 1562 2324 sequen-

280 2343 378 2416 tibus
402 2350 476 2432 quid
493 2350 619 2434 Graeci,
644 2350 718 2430 quid
734 2350 910 2416 Phoenices
934 2352 973 2415 de
997 2349 1090 2415 initio
1114 2349 1293 2415 discordiae
1317 2349 1402 2414 inter
1419 2349 1563 2414 Graecos

290 2462 325 2523 et
336 2459 455 2522 Persas
473 2457 616 2522 sentiant
637 2455 814 2541 enarravit,
836 2457 916 2548 baec
931 2457 1154 2538 complectitur
1170 2456 1295 2522 verbis:
1321 2461 1421 2520 ταῦτα
1435 2459 1493 2535 μέν
1509 2479 1563 2518 νυν

292 2567 412 2648 Πέρσαι
433 2587 467 2627 τε
489 2564 543 2626 καὶ
561 2567 703 2639 Φοίνικες
725 2564 861 2647 λέγουσι.
900 2565 1046 2630 Eundem
1070 2567 1111 2630 ad
1135 2565 1229 2630 finem
1253 2565 1360 2646 posita
1383 2564 1562 2632 invenimus

292 2670 462 2736 enuntiata
485 2672 502 2735 I
526 2676 565 2735 21
587 2669 744 2757 Μιλήσιοι
775 2675 833 2752 μέν
861 2696 913 2735 νυν
942 2665 1025 2734 οὕτω
1055 2671 1181 2754 λέγουσι
1210 2675 1374 2755 γενέσθαι,
1398 2661 1565 2754 Ἀλυάττης

292 2777 325 2840 δέ
347 2775 424 2854 κτλ,
449 2778 523 2842 122
547 2775 627 2840 κατὰ
650 2776 708 2857 μὲν
731 2776 785 2841 τὸν
808 2775 890 2862 πρὸς
914 2778 1089 2864 Μιλησίους
1111 2779 1215 2842 τεκαὶ
1236 2775 1451 2862 Θρασύβουλον
1467 2775 1564 2840 noia·
1676 2851 1677 2854 ¹

269 2907 352 2966 ,μον
373 2875 523 2970 Ἀλυάττῃ
561 2872 620 2960 ὧδε
648 2881 727 2965 ἔσχε,
759 2884 949 2970 Περίανδρος
978 2885 1019 2961 66,
1053 2887 1071 2950 Ι
1104 2891 1165 2950 156
1197 2905 1243 2966 sq.
1275 2893 1412 2969 Κροῖσος
1440 2882 1498 2966 μὲν
1529 2880 1565 2968 δὴ

295 3104 346 3164 52.
372 3103 423 3164 53.
449 3104 500 3164 65.
528 3104 578 3164 70.
598 3089 648 3164 71.
676 3105 725 3164 75.
751 3105 803 3164 88.
829 3105 880 3164 92.
909 3105 980 3164 113.
1008 3105 1080 3164 118.
1108 3105 1179 3164 120.
1208 3104 1279 3164 124.
1308 3101 1563 3163 lentsales.

296 3212 367 3272 155.
396 3212 467 3272 159.
495 3213 566 3271 171.
594 3212 665 3272 173.
694 3213 765 3272 176.
793 3213 864 3271 177.
893 3213 964 3272 180.
994 3212 1064 3271 183.
1092 3212 1163 3271 187.
1193 3211 1263 3271 191.
1292 3211 1362 3271 192.
1391 3209 1464 3269 194.
1491 3209 1564 3268 195.

295 3321 368 3380 202.
395 3319 467 3397 208,
493 3314 585 3379 119.
612 3319 662 3378 28.
689 3319 740 3380 34.
772 3320 822 3378 38.
854 3320 905 3378 55.
938 3320 988 3378 73.
1019 3319 1071 3379 91.
1101 3320 1152 3378 93.
1186 3319 1257 3378 100.
1293 3318 1364 3376 116.
1393 3317 1464 3375 117.
1492 3316 1563 3375 120.

282 3428 369 3488 135.
397 3427 468 3486 156.
492 3427 564 3488 160.
592 3427 663 3505 179,
687 3422 738 3486 ΠΙ
756 3426 805 3486 14.
834 3427 883 3486 18.
910 3427 961 3485 26.
987 3427 1038 3486 37.
1064 3426 1116 3485 44.
1143 3426 1194 3485 53.
1220 3424 1271 3484 65.
1298 3425 1348 3484 73.
1377 3423 1426 3484 74.
1445 3425 1496 3483 80.
1513 3424 1566 3482 81.

295 3536 347 3594 87.
373 3535 425 3594 97.
452 3534 523 3594 113.
552 3535 623 3594 138.

385 3656 490 3738 Saepe
519 3657 620 3722 verba
649 3674 730 3736 quae
758 3654 957 3720 narrationis
980 3654 1074 3719 finem
1098 3653 1230 3736 faciunt,
1255 3652 1350 3733 plane
1373 3651 1571 3732 respondent

296 3764 348 3848 iis,
377 3763 533 3844 aquibus
566 3762 693 3828 initium
724 3762 845 3829 factum
876 3768 927 3828 est
957 3761 1045 3828 velut
1073 3762 1089 3826 Ι
1114 3767 1177 3826 200
1201 3761 1301 3825 verba
1324 3755 1432 3838 Νόμοι
1453 3755 1511 3838 μὲν
1534 3754 1571 3842 δὴ

296 3882 383 3935 τοῖσι
406 3869 642 3952 Βαβυλωνίοισι·
667 3858 754 3933 οὗτοι
782 3873 970 3932 κατεστέασι
994 3868 1188 3949 respondent
1211 3864 1321 3932 verbis
1345 3865 1361 3928 i
1388 3869 1449 3928 196
1477 3859 1570 3942 νόμοι

298 3979 330 4044 δὲ
353 3970 480 4042 αὐτοῖσι
505 3966 564 4042 ὧδε
587 3980 786 4056 κατεστίασι,
811 3977 846 4043 Π
864 3981 925 4042 139
947 3978 1047 4042 verba
1074 3971 1116 4038 Tb
1138 3972 1196 4054 μὲν
1219 3970 1255 4057 δι’]
1279 3969 1345 4057 ἱρὸν
1368 3978 1463 4033 τοῦτο
1487 3961 1570 4030 οὕτω

298 4084 362 4169 ἔχει
388 4086 572 4152 referuntur
602 4086 644 4151 ad
672 4084 798 4150 initium
826 4081 944 4164 capitis
978 4086 1039 4146 138
1072 4079 1113 4145 Τὸ
1136 4079 1168 4144 δὲ
1197 4077 1266 4164 ἱρὸν
1293 4070 1390 4164 αὐτῆς
1414 4065 1473 4139 ὧδε
1497 4072 1569 4155 ἕχει,

297 4197 350 4262 ΙΙΙ
375 4201 416 4260 60
440 4191 561 4258 τούτων
584 4191 699 4258 εἵνεκεν
720 4188 840 4273 μᾶλλόν
863 4213 895 4253 τι
918 4189 994 4276 περὶ
1013 4191 1142 4268 Σαμίων
1166 4184 1300 4271 ἐμήκυνα
1324 4185 1507 4250 referuntur
1530 4182 1571 4247 ad

298 4303 426 4369 initium
454 4301 571 4383 capitis
596 4306 637 4365 60
660 4290 815 4385 ’Epidauro
842 4297 875 4361 δὲ
903 4296 979 4381 περὶ
1002 4299 1130 4375 Σαμίων
1152 4293 1280 4375 μᾶλλον,
1305 4293 1356 4356 ΠΙ
1382 4296 1443 4355 128
1472 4288 1571 4355 verba

301 4405 384 4475 οὕτω
407 4407 443 4495 δὴ
465 4400 601 4494 Ὀροίτεα
623 4405 678 4472 τὸν
694 4411 816 4493 Πέρσην
832 4401 1049 4490 Πολυκράτεος
1071 4409 1128 4466 τοῦ
1144 4404 1265 4482 Σαμίου
1288 4402 1389 4472 τίσιες
1411 4395 1571 4480 μετῆλθον

300 4519 495 4601 respondent
517 4515 559 4582 iis
583 4535 665 4598 quae
688 4535 757 4597 cap.
778 4520 839 4578 126
856 4513 959 4578 allata
983 4515 1070 4577 sunt:
1091 4508 1193 4596 χρόνῳ
1210 4507 1243 4572 δὲ
1266 4498 1301 4571 οὐ
1318 4505 1427 4587 πολλῷ
1442 4497 1572 4586 ίστερον

301 4627 355 4694 καὶ
377 4617 512 4716 Ὀροίτεα
536 4622 754 4710 Πολυκράτεος
776 4625 878 4697 τίσιες
900 4620 1073 4709 μετῆλθον.
