3374 5272
710 290 833 422 ...a
882 418 893 421 ,

150 541 190 605 In
214 539 358 606 omnibus
382 539 450 604 fere
470 537 521 604 his
537 539 617 604 locis
634 557 806 620 pronomen
822 535 930 601 τοιάδε
946 538 1225 619 comprehenditur
1239 539 1424 620 pronomine

150 655 284 710 torret-w
316 646 385 713 sive
414 653 568 726 znonoro,
598 665 672 710 raro
702 663 874 728 pronomen
905 642 1013 708 τοιάδε
1040 647 1082 710 ad
1113 645 1340 712 antecedentia
1367 665 1425 712 nos

150 754 287 838 relegat,
315 753 404 818 velut
433 752 498 816 VH
529 758 583 818 78:
614 744 646 816 ‘O
668 751 726 833 μὲν
756 755 873 826 Νικίας
904 750 1011 816 τοιάδε
1040 749 1331 839 παρακελευόμενος
1360 747 1426 834 ἅμα

152 857 245 946 ἐπῄει
268 858 305 923 τὸ
328 857 518 944 στράτευμα.
787 939 793 949 ὶ

240 974 461 1058 Participium,
485 975 519 1040 id
543 976 624 1056 qnod
648 993 688 1040 ex
710 975 790 1040 locis
807 975 918 1040 allatis
934 975 1137 1056 perspicuum
1153 977 1199 1060 fit,
1223 973 1428 1058 Thucydides

153 1087 220 1148 tum
243 1082 428 1164 plerumque
451 1081 551 1164 ponit,
581 1101 651 1146 cum
679 1100 718 1146 ea
746 1100 827 1162 quae
859 1088 1034 1162 sequuntur
1061 1080 1131 1148 cum
1162 1082 1428 1149 antecedentibus

153 1197 225 1255 arte
255 1207 377 1254 conexa
407 1193 492 1270 sunt,
525 1207 595 1253 cum
618 1207 645 1253 e.
671 1207 719 1270 gr.
744 1187 773 1252 is
803 1188 856 1268 qui
883 1187 1043 1270 copiosius
1072 1189 1197 1255 locutus
1226 1196 1277 1254 est
1300 1189 1429 1270 aliquod

153 1294 320 1360 consilium
351 1293 414 1358 init
443 1294 512 1360 sive
544 1295 581 1377 ii,
615 1296 699 1376 apud
727 1314 804 1375 quos
835 1301 944 1360 orator
974 1297 1076 1361 verba
1101 1295 1194 1378 tecit,
1221 1295 1330 1362 verbis
1360 1295 1429 1361 eius

153 1401 285 1468 adducti
308 1401 474 1467 consilium
499 1401 628 1481 aliquod
651 1399 792 1482 capiunt.
839 1400 953 1466 Multis
976 1401 1009 1466 in
1032 1401 1121 1484 locis,
1146 1401 1178 1466 in
1195 1405 1309 1483 quibus
1325 1401 1430 1466 oratio

154 1508 441 1591 comprehenditur,
459 1507 675 1588 Thucydides·
688 1508 888 1573 enuntiatum
904 1508 1090 1588 primarium
1106 1508 1223 1592 posuit,
1240 1510 1321 1590 qnod
1338 1528 1429 1590 prae-

154 1617 246 1698 cipue
277 1622 344 1682 tnm
377 1634 436 1680 usu
465 1613 566 1697 venit,
597 1633 668 1689 cum
700 1614 816 1695 aliquis
848 1618 948 1681 verba
976 1615 1055 1681 fecit
1082 1623 1116 1682 et
1144 1624 1218 1698 post
1245 1636 1315 1682 eum
1347 1617 1430 1682 alius
1521 1627 1525 1636 ’

155 1723 330 1788 orationem
362 1723 475 1801 habet;
508 1720 541 1786 id
565 1720 593 1786 si
617 1726 677 1804 est,
706 1722 889 1803 plerumque
913 1723 1024 1788 eadem
1048 1723 1117 1788 fere
1141 1724 1430 1806 verba-leguntur:

159 1837 297 1894 Τοιαοτα
326 1827 384 1908 μὲν
417 1866 457 1874 -
488 1824 560 1891 circe
591 1827 718 1911 similia,
750 1829 840 1895 Velut
867 1830 988 1895 11141
1019 1833 1121 1896 verba
1157 1837 1295 1894 Τοιαῦτα
1324 1830 1382 1911 μὲν
1415 1823 1431 1894 δ

157 1936 264 2000 Κλέαν
288 1932 361 1999 εἶπε
391 1955 449 2000 nus
473 1927 623 2017 relegant
646 1937 687 2000 ad
710 1936 762 2000 ΠΙ
787 1941 827 2000 36
852 1936 904 2001 fin.
930 1937 1112 2001 aethitae
1135 1935 1311 2021 παρελθών
1334 1925 1433 2013 αὖθις

157 2040 242 2126 ἔλεγε
271 2042 387 2119 τοίαδε,
420 2043 472 2108 ΙΙΙ
497 2049 538 2106 to
566 2050 704 2105 Τοιαυτα
733 2041 791 2122 μὲν
822 2041 852 2104 οἱ
877 2043 1040 2130 Πλαταιῆς
1069 2041 1162 2108 εἷιιον
1185 2044 1368 2110 referuntur
1392 2046 1433 2110 ad

156 2152 209 2217 ΠΙ
226 2158 267 2216 52
283 2151 337 2214 fin.
355 2146 548 2225 trucidabam·
571 2146 677 2232 ἔλεγον
700 2148 846 2213 τοιάδε.
872 2150 911 2216 bf.
930 2152 977 2215 IV
994 2157 1045 2235 93,
1070 2152 1117 2217 VI
1136 2158 1185 2218 15.
1206 2159 1255 2216 19,
1281 2158 1332 2216 81.
1368 2153 1432 2217 Pro

157 2258 343 2340 pronomine
372 2265 505 2320 τοιαῦτα
537 2256 666 2337 saepius
689 2265 830 2320 τοοαοτα
854 2257 993 2338 positum
1015 2259 1205 2341 invenimus,
1237 2264 1274 2323 ut
1297 2259 1434 2339 aliquem

93 2409 94 2416 τ
158 2384 261 2446 pauca
278 2354 455 2448 (Classen
471 2363 505 2428 in
522 2363 731 2428 adnotatione
748 2365 789 2428 ad
806 2364 870 2428 Vll
889 2370 938 2447 12,
959 2372 973 2428 1
988 2383 1133 2430 sermone
1147 2365 1318 2432 vernaculo
1334 2364 1435 2431 vertit

159 2472 270 2555 ,seriel
298 2472 360 2536 und
392 2471 481 2536 nicht
511 2469 623 2553 mehr’)
653 2471 792 2534 locutum
825 2490 898 2536 esse
928 2470 1140 2552 significetur:
1170 2473 1218 2535 lV
1242 2477 1281 2536 21
1318 2469 1355 2535 Oi
1377 2469 1435 2551 μὲν

161 2567 213 2642 οὖν
238 2575 485 2658 Λακεδαιμόνιοι
514 2585 693 2640 τοσαῦτα
717 2573 819 2640 cirron.
844 2577 884 2642 ef.
912 2579 956 2642 VI
981 2584 1032 2642 35.
1059 2585 1109 2642 93.
1146 2579 1234 2644 Raro
1258 2583 1294 2643 ut
1318 2579 1345 2643 V
1373 2583 1433 2641 113

164 2685 199 2750 Oi
226 2684 284 2766 μὲν
313 2683 348 2771 δὴ
378 2683 494 2770 Μήλιοι
526 2693 666 2747 τοοαυτα
699 2675 911 2770 decapitavit>
939 2685 1100 2766 particula
1130 2683 1165 2770 δή
1196 2685 1346 2766 apposita
1373 2691 1434 2768 est,

161 2813 224 2874 qua
246 2793 367 2879 maiore
390 2792 423 2858 vi
447 2792 672 2857 antecedentia
696 2791 1046 2876 comprehendantu1·1).

249 2909 421 2974 Formulas
453 2927 518 2972 una
546 2909 719 2988 eademqne
750 2907 877 2973 ratione
907 2909 1101 2988 compositas
1132 2907 1336 2988 Thucydides
1366 2926 1436 2972 eum

161 3013 320 3082 adfinem
344 3015 486 3098 adhibet,
511 3021 546 3079 ut
570 3034 713 3096 eaquae
737 3033 820 3079 anno
843 3018 992 3081 vertente
1016 3014 1067 3081 vel
1092 3019 1219 3080 aestate
1243 3019 1437 3102 gestasunt

162 3123 332 3188 concludat
354 3127 389 3187 et
412 3123 454 3186 ad
478 3121 646 3202 sequentia
661 3126 820 3186 transeat.
860 3121 975 3201 ltaque
990 3121 1024 3185 in
1039 3120 1102 3185 fine
1118 3121 1232 3186 hiemis
1249 3127 1282 3186 et
1298 3119 1437 3186 aestatis

162 3248 271 3294 eorum
300 3246 453 3294 annorum
482 3245 560 3309 quos
591 3228 765 3309 descripsit
793 3231 894 3294 verba
922 3245 1004 3309 quae
1033 3227 1136 3293 forma
1159 3228 1339 3294 constituta
1363 3232 1438 3292 sunt

163 3335 239 3417 poni
263 3335 416 3402 videmus.
463 3336 509 3402 Ut
526 3355 565 3400 ea
589 3353 670 3416 qnae
695 3354 779 3400 anno
802 3340 952 3400 vertente
975 3340 1072 3417 gesta
1088 3339 1163 3401 sunt
1178 3335 1437 3415 comprehendat,

164 3441 294 3524 saepius
322 3445 423 3509 verba
452 3441 537 3507 inter
567 3461 601 3507 se
630 3441 794 3508 simillima
811 3441 974 3508 adhibet:
1009 3443 1042 3506 ΙΙ
1073 3448 1134 3507 103
1166 3442 1219 3507 fin.
1253 3441 1305 3505 Ili
1339 3447 1353 3503 1
1384 3438 1438 3501 καὶ

165 3543 323 3631 ὁχειμιὺν
355 3547 500 3613 ἐτελεύτα
525 3537 624 3626 οὗτος,
656 3549 711 3611 καὶ
742 3553 848 3636 τρίτον
872 3547 942 3624 ἔτος
965 3557 1011 3634 τῷ
1035 3548 1165 3633 πολέμῳ
1190 3545 1335 3612 ἐτελεύτα
1359 3545 1438 3630 τῷδε

133 3671 137 3676 “
165 3655 200 3721 ὃν
228 3655 411 3742 Θουκυδίδης
435 3655 635 3741 ξυνέγραψεν.
679 3664 739 3719 Τοῦ
756 3647 784 3719 δ’
809 3653 1049 3741 ἐπιγιγνομένου
1073 3659 1191 3739 δέρους
1211 3655 1275 3716 κτλ.
1315 3655 1439 3718 Eadem

165 3766 234 3830 fere
264 3766 365 3830 verba
395 3765 546 3845 legmrtur
568 3764 620 3829 HI
644 3770 685 3828 88
710 3783 757 3846 sq.
787 3765 833 3829 IV
859 3771 898 3828 51
925 3780 973 3844 sq.
1004 3764 1052 3828 IV
1077 3769 1138 3828 135
1162 3762 1214 3827 tiu.
1246 3763 1275 3827 V
1301 3766 1316 3824 1
1341 3759 1384 3825 in.
1411 3761 1440 3824 V

167 3879 206 3937 51
233 3891 281 3952 sq.
307 3877 347 3936 56
372 3889 419 3952 sq.
444 3877 485 3934 83
510 3888 556 3951 sq.
583 3871 630 3936 VI
655 3877 671 3934 7
697 3888 744 3951 sq.
770 3877 811 3936 93
829 3887 875 3951 sq.
901 3871 1023 3935 171118
1041 3887 1087 3950 sq.
1106 3869 1188 3933 VIII
1213 3875 1231 3932 8
1256 3885 1303 3948 sq.
1326 3873 1367 3931 60
1391 3885 1438 3946 sq.

167 3978 283 4046 Mirum
318 3983 370 4043 est
401 3979 509 4044 verbis
537 3997 654 4044 annum
689 3981 869 4061 secundum,
901 3977 1032 4042 tertium
1060 3993 1160 4056 usque
1191 3977 1232 4040 ad
1260 3973 1439 4056 septimum,

168 4105 297 4169 nonurm,
333 4084 487 4151 decimum
520 4091 645 4152 sextum
681 4104 780 4167 usqne
811 4086 853 4151 ad
881 4083 1066 4151 vicesimum
1098 4079 1441 4163 comprehendentibus

258 4266 278 4331 1)
310 4264 464 4327 Kiihner,
488 4260 681 4314 Aursliihrliche
706 4261 877 4316 Grammatik
904 4261 952 4314 der
975 4259 1167 4315 Griechischen
1193 4257 1334 4326 spraohe2
1358 4257 1441 4312 illam

171 4353 202 4428 δή
221 4355 383 4424 particulam
403 4352 523 4420 explicat
541 4350 583 4406 his
596 4351 685 4405 verbis
699 4369 745 4420 pg.
759 4355 822 4406 681:
843 4353 891 4418 ,Da
905 4347 936 4422 δή
949 4349 1055 4404 iiberall
1068 4355 1152 4402 etwas
1165 4347 1266 4402 bereits
1278 4347 1440 4411 Erkanntes,

170 4446 326 4502 Offenbares
351 4444 516 4509 bezeichnet,
542 4459 570 4496 so
593 4441 661 4494 wird
681 4457 708 4495 es
727 4442 788 4496 sehr
806 4441 900 4510 htufig
918 4457 946 4495 so
966 4439 1125 4508 gebraucht
1149 4439 1213 4510 dass
1233 4452 1260 4490 es
1279 4436 1330 4489 auf
1344 4434 1440 4489 vorher

171 4539 327 4592 Genanntes
353 4535 418 4589 oder
437 4532 624 4601 Angefiihrtes
649 4531 782 4585 hinweist.
820 4531 853 4584 So
878 4530 920 4584 oft
943 4530 986 4584 bei
1005 4527 1188 4593 Historilrern,
1213 4539 1292 4578 wenn
1314 4524 1354 4578 sie
1372 4523 1441 4576 nach

171 4626 352 4695 Beendigung
371 4623 447 4679 einer
465 4623 624 4692 Erzthlnng
643 4622 691 4676 das
710 4620 845 4690 Ergebnis
865 4619 1004 4676 desselben
1022 4620 1090 4672 hnrz
1109 4613 1370 4671 zusammenfassen:
