3374 5272
928 331 949 392 4

833 418 1045 426 -—-—..-—-

296 537 389 624 χάριν
413 534 430 627 ἢ
460 536 642 626 ἐμφάσεως,
673 527 708 603 οὗ
737 531 976 627 ἀφαιρεθέντος
1006 533 1097 606 οὐδὲν
1127 533 1144 628 ἡ
1173 539 1299 607 διάνοια
1326 541 1503 625 βλάπτεται
1531 537 1572 622 ὦς

300 645 363 727 έγει
387 643 424 710 τὸ
447 653 610 710 τοιοῦτον·
633 649 755 733 κίνησις
777 646 838 734 γάρ
861 641 975 733 αύτηγ
963 652 1101 736 μεγίστη
1124 647 1159 735 δη
1187 659 1256 726 τοῖς
1271 643 1420 774 Ἐλλησιη
1443 648 1570 736 ἐγένετο.

300 751 443 818 ἐνταῦθα
465 749 538 838 γάρ
549 751 586 817 τί)
610 751 646 840 δὴ
667 759 809 880 προςκείι
796 779 891 836 μενον
912 763 959 841 ab
974 754 1058 842 λόγιι
1080 760 1220 840 παρέσχε
1240 755 1367 838 κόσμον,
1393 749 1572 844 άφαιρεέίέν

300 861 332 924 δὲ
357 853 478 926 addin
467 877 515 943 hpo
518 887 549 924 ια
552 865 654 925 ίνεται
676 887 733 948 την
756 861 909 927 διάνοιαν.

388 968 577 1035 Tiberius
617 969 747 1052 figuras
777 970 892 1036 elocut
869 969 967 1035 tronis
1007 990 1027 1036 a
1065 970 1178 1052 figuris
1221 973 1455 1039 sententiarum
1494 974 1572 1038 scite

300 1075 441 1140 secernit
480 1077 771 1158 etpleonasmum
812 1076 942 1152 illisa
940 1068 1108 1175 ttribuens
1146 1077 1258 1143 definit
1293 1079 1314 1144 l
1351 1079 1371 1144 l
1408 1099 1460 1162 pg.
1498 1087 1571 1146 563:

300 1179 502 1263 Ιίλεονασμὸς
526 1180 595 1246 δέ’
582 1202 661 1246 εστι·
701 1187 733 1246 τί
756 1181 803 1246 δεῖ
823 1171 978 1274 πράττέιγ
1002 1181 1056 1246 καὶ
1078 1194 1185 1247 ποιεῖν
1206 1209 1261 1269 την
1284 1183 1395 1264 πάλιν;
1419 1182 1572 1269 ἐνέργειαν

299 1287 335 1352 τὸ
366 1297 469 1375 σχηαα
492 1285 555 1370 έχει
579 1313 612 1352 εν
634 1297 680 1374 τιῦ
704 1295 895 1371 ποσματικηῖ
920 1285 1102 1376 aldendorp,
1142 1295 1342 1371 σονωνοαίαν
1366 1284 1572 1374 ὀνομάζοιτο

299 1405 402 1483 σχημα
426 1395 591 1471 Καικίλιος
606 1389 682 1459 ὅταν
705 1393 785 1458 κατά
809 1403 866 1458 τοῦ
887 1387 983 1458 αάτοοΙ
1008 1395 1196 1480 πράγματος
1219 1391 1238 1483 ἢ
1260 1397 1339 1461 κατά
1361 1408 1417 1462 τοι)
1443 1423 1571 1484 προκει-

299 1507 394 1592 μένοο
424 1500 492 1576 do‘o
507 1499 606 1578 λέξεις
636 1507 810 1588 γενηέίιῦσι·
857 1511 952 1564 τούτο
981 1500 1012 1565 δὲ
1044 1502 1244 1584 πλεονασμὸν
1273 1495 1570 1592 άνομάζειίίηιίνης,

299 1608 372 1673 τότε
396 1609 432 1694 δη
453 1609 507 1672 καὶ
530 1607 610 1672 κατὰ
635 1607 688 1672 τὸν
711 1607 821 1694 καιρὸν
845 1606 971 1672 ἐκεῖνον.

387 1713 670 1783 Phoebemmon
685 1716 797 1782 rhetor
813 1714 1032 1797 pleonasmum
1044 1722 1078 1782 et
1091 1717 1281 1788 elocutionis
1294 1723 1328 1783 et
1340 1719 1571 1785 sententiarum

297 1823 410 1906 figuris
440 1821 604 1906 attribuit,
634 1821 832 1904 Georgius
856 1823 1214 1889 Choeroboscus'in
1239 1825 1322 1890 libro
1347 1823 1422 1909 περὶ
1444 1823 1572 1910 τρόπον

297 1928 453 2010 inscripto
478 1929 512 2014 (l.
530 1929 552 1992 l.
574 1948 626 2011 pg.
648 1935 712 1994 813
734 1928 796 2014 sq.)
820 1929 945 2012 viginti
965 1934 1090 2012 septem
1112 1937 1222 2014 tropos
1244 1931 1386 2012 poeticos
1407 1939 1573 1996 enumerat

297 2043 332 2103 et
360 2037 543 2119 pleonasmo
572 2037 676 2103 locum
707 2036 862 2103 decimum
894 2043 1022 2104 sextum
1045 2037 1198 2104 attribuit
1220 2038 1345 2105 verbis:
1370 2035 1572 2119 Πλεονασμός

298 2142 385 2208 ἐστιν
408 2137 484 2208 ὅταν
507 2141 663 2230 πλεονάζη
686 2142 769 2222 λέξις
791 2144 886 2231 μηδέν
906 2167 942 2208 ’τι
965 2143 1062 2208 πλέον’
1086 2149 1296 2230 σημαίνουσα,
1321 2143 1350 2208 εἰ
1371 2141 1415 2230 μὴ
1431 2141 1467 2208 τὸ
1483 2136 1570 2222 adad,

299 2244 342 2328 ὡς
365 2248 429 2332 ἔχει
452 2249 489 2315 τὸ
511 2242 620 2328 άντίος
643 2248 783 2326 ἐναντίος
806 2250 860 2314 καὶ
884 2248 988 2316 έναντι
1012 2255 1189 2315 κατέναντι.

387 2359 577 2440 Tryphon
607 2376 728 2439 quoque
757 2357 976 2440 pleonasmum
999 2357 1106 2440 tropis
1129 2357 1283 2436 attribuit
1305 2375 1437 2437 eumque
1461 2357 1574 2423 definit

297 2465 318 2531 l.
350 2465 371 2530 l.
405 2485 457 2548 pg.
489 2469 565 2530 744:
612 2461 815 2546 ΙΙλεονασμός
849 2461 918 2528 ἐστι
954 2463 1036 2540 λέξις
1070 2458 1089 2550 ἢ
1121 2461 1280 2538 καθάπαξ
1312 2457 1331 2549 ἢ
1360 2466 1479 2548 μέρεσι
1505 2463 1573 2528 τισὶ

298 2569 534 2650 πλεονάζουσα·
560 2569 625 2658 εἴδη
648 2570 843 2636 deplorabo
866 2571 1069 2652 πλεονασμοῦ
1093 2575 1167 2655 τρία
1176 2592 1185 2643 Ἀ
1207 2568 1410 2655 παράγωγον,
1436 2567 1572 2647 έκτασις,

298 2677 555 2764 παραπλήρωμα.

385 2785 599 2851 Diomedes
623 2782 796 2849 ἐπένσεσιν
814 2783 834 2849 i.
852 2803 879 2850 e.
904 2783 1050 2849 litteram
1073 2783 1176 2850 medio
1194 2782 1228 2848 in
1243 2783 1399 2850 vocabulo
1414 2784 1574 2850 adiectam

299 2891 517 2973 pleonasmum
547 2895 644 2957 vocat
672 2909 699 2956 e.
724 2910 772 2973 gr.
798 2889 958 2956 Mavortis
982 2909 1039 2971 pro
1062 2887 1190 2954 Martis.
1237 2889 1366 2970 Etym.
1391 2889 1574 2972 Magnum

298 3017 419 3078 quoque
443 3016 513 3063 eam
537 2994 710 3062 ἐπένθεσιν
733 2996 878 3062 nominat
901 2996 1119 3077 pleonasmum
1137 3000 1211 3078 633,
1235 2986 1358 3060 12ἀ’πὸ
1373 3002 1430 3058 τοῦ
1447 2987 1575 3079 bodoma

298 3097 397 3191 ὃρηῦτε
419 3104 473 3168 καὶ
496 3105 686 3190 πλεονασμῷ
711 3095 829 3190 ὁρόῳτε
852 3111 886 3170 et
912 3111 984 3188 178,
1003 3109 1043 3168 33
1066 3095 1223 3187 άψόεοντα
1243 3101 1443 3184 πλεονασμὸς
1465 3111 1521 3166 τοῦ
1547 3093 1574 3166 ὃ.

389 3212 571 3293 Sequantur
593 3212 740 3278 rhetores
761 3211 868 3277 latini:
892 3210 1042 3293 Aquila
1062 3211 1257 3276 Romanus
1280 3209 1403 3294 (Halm
1426 3211 1575 3276 rhetores

297 3320 392 3387 latini
419 3320 559 3386 minores
588 3339 640 3402 pg.
667 3326 707 3385 36
739 3319 802 3404 sq.)
833 3319 1050 3401 pleonasmum
1080 3317 1271 3384 elocutionis
1295 3317 1408 3400 figuris
1438 3317 1576 3392 ascribit

298 3443 431 3508 eumque
461 3427 574 3492 definit
595 3427 721 3493 verbis:
747 3423 931 3490 Πλεονασ
890 3449 959 3507 pop,
985 3425 1056 3507 plus
1079 3424 1307 3490 necessarium.
1346 3423 1427 3490 Eius
1450 3424 1575 3506 figurae

297 3553 374 3600 usus
398 3532 433 3598 in
456 3551 493 3598 eo
516 3537 593 3616 est,
601 3535 761 3599 utverba
784 3533 941 3614 quaedam
965 3532 1152 3616 adiciamus,
1176 3537 1329 3596 nontam
1356 3533 1456 3596 enunt
1442 3531 1576 3597 tiandae

298 3639 361 3706 rei
373 3639 569 3722 necessaria,
593 3659 686 3720 quem
716 3644 754 3705 ut
776 3659 817 3706 ex
839 3639 891 3704 his
914 3633 1102 3722 magnitudo
1127 3639 1179 3704 vel
1202 3636 1346 3719 dignitas
1367 3638 1419 3704 vel
1442 3637 1575 3711 moralis

299 3747 406 3828 alique
418 3745 644 3812 commentatio
659 3751 717 3810 aut
728 3745 864 3828 denique
877 3745 1001 3827 species
1014 3751 1140 3811 motura
1151 3743 1289 3809 iudicem
1305 3742 1573 3825 circumponatur.

298 3852 436 3937 Alioqui,
462 3852 490 3918 si
513 3852 593 3918 nihil
614 3871 722 3918 eorum
747 3852 869 3918 additio
893 3853 986 3919 verbi
1009 3852 1120 3934 elficit,
1144 3849 1264 3916 vitiosa
1287 3849 1360 3914 erit.
1406 3849 1520 3930 Itaque
1545 3851 1576 3916 si

299 3959 394 4026 dices
413 3961 465 4044 ,lt
491 3961 571 4026 Cato
596 3960 670 4041 ille’,
701 3960 847 4041 quamvis
871 3960 1013 4027 sufficiat
1035 3978 1149 4025 nomen
1173 3960 1394 4043 tantummodo
1416 3960 1574 4044 posuisse,

299 4066 441 4133 videaris
465 4067 537 4149 plus
561 4066 762 4150 significasse
786 4067 897 4133 addito
920 4068 985 4134 ille.
1032 4067 1116 4132 Item
1139 4066 1211 4131 hoc:
1239 4065 1348 4150 ,Quae
1371 4064 1498 4150 malum,
1522 4073 1576 4132 est

299 4172 366 4238 ista
381 4173 564 4240 voluntaria
577 4171 749 4239 servitusl'
765 4193 836 4240 cum
852 4175 956 4255 possit
969 4173 1052 4239 satis
1069 4171 1285 4254 significatum
1301 4190 1389 4237 esse:
1408 4190 1574 4253 ,quaenam

298 4283 352 4344 est
373 4277 440 4344 ista
462 4278 647 4346 voluntaria
670 4277 841 4348 servitus?
865 4281 937 4361 plus
961 4279 1087 4361 quidem
1110 4277 1226 4344 hebuit
1248 4297 1289 4343 ex
1304 4297 1341 4342 eo
1357 4279 1439 4357 quod
1455 4278 1575 4344 malurn
1665 4267 1666 4296 ¹

299 4385 439 4467 positum
462 4389 522 4450 est.
1665 4439 1666 4472 ,

388 4489 493 4556 Simili
519 4492 618 4580 modo
635 4493 809 4559 Carmen
839 4495 885 4560 de
913 4493 1072 4577 figuris
1096 4493 1131 4579 (l.
1153 4493 1174 4556 l.
1195 4509 1247 4572 pg.
1275 4487 1330 4573 70)
1353 4489 1574 4570 pleonasmum

299 4595 442 4677 explicat
464 4615 596 4677 eumque
619 4598 722 4664 vertit
744 4597 849 4664 latine
870 4602 1110 4684 ,exsuperatiob
