3374 5272
696 335 698 342 “
846 325 927 422 li..

798 547 883 634 Oap.
914 544 956 612 V.

462 701 514 773 De
546 681 729 799 particulis
763 668 799 774 in.
828 701 931 774 initio
962 700 1137 799 apodosis
1169 699 1298 774 obviis.

330 1005 527 1070 Herodotum
551 1004 584 1070 in
609 1005 749 1086 periodis
773 1004 997 1085 componendis
1021 1003 1217 1085 singularem
1240 1003 1399 1084 quandam
1415 1002 1516 1068 inisse

241 1111 409 1194 rationem,
434 1111 589 1177 neminem
614 1111 747 1194 effugiet
770 1111 823 1193 qui
847 1110 1002 1177 historias
1026 1110 1094 1176 eius
1110 1109 1296 1191 perlegerit.
1336 1109 1412 1174 Cum
1429 1109 1516 1174 illius

242 1217 438 1298 temporibus
459 1218 562 1284 oratio
580 1217 686 1284 solnta
701 1221 837 1284 nondum
855 1219 985 1284 exculta
1000 1225 1098 1299 atque
1114 1215 1275 1299 perpolita
1290 1215 1398 1299 fuerit,
1422 1234 1516 1297 quam

243 1327 282 1390 ob
307 1343 374 1390 rem
398 1324 467 1390 eins
491 1325 618 1390 dicendi
641 1343 743 1408 genus
766 1327 808 1391 ab
832 1325 1010 1392 Aristotele
1033 1326 1115 1390 rhet.
1141 1325 1193 1390 Ili
1217 1331 1235 1388 9
1265 1322 1347 1400 λέξις
1375 1321 1517 1408 εἰρομένη

243 1437 386 1515 vocatur,
410 1431 524 1500 mirum
548 1451 609 1498 non
633 1438 685 1498 est
709 1433 839 1514 saepius
863 1435 947 1515 apud
971 1452 1041 1498 eum
1066 1438 1102 1498 ut
1125 1434 1157 1497 in
1174 1431 1306 1498 Homeri
1323 1429 1517 1498 carminibus

243 1539 346 1604 multa
358 1538 528 1604 enuntiata
539 1540 740 1620 parataotice
753 1540 893 1606 formata
904 1541 1044 1606 inveniri
1056 1548 1089 1606 et
1101 1540 1249 1622 periodos
1259 1539 1328 1604 eius
1338 1536 1518 1604 Homericis

245 1665 317 1712 esse
341 1645 531 1711 simillimas
579 1647 659 1712 Inde
682 1647 907 1729 explicandum
931 1655 981 1714 est
1006 1650 1090 1730 apud
1107 1649 1281 1714 Homerum
1304 1646 1352 1711 ita
1375 1649 1411 1711 ut
1434 1645 1519 1726 apud

245 1754 444 1818 Herodotum
474 1758 524 1819 tot
553 1754 701 1835 periodos
733 1755 766 1820 in
796 1755 890 1821 initio
923 1755 1073 1836 apodosis
1101 1775 1166 1821 una
1188 1756 1335 1820 alterave
1358 1750 1521 1834 particula

246 1878 328 1942 quae
356 1859 485 1941 proprie
515 1862 660 1927 abundat
691 1867 822 1928 notatas
853 1863 992 1936 inveniri
1021 1868 1055 1928 et
1084 1861 1250 1928 rarissime
1278 1859 1424 1943 periodos
1449 1859 1522 1923 sola
1552 1877 1557 1884 ·

245 1967 352 2049 logica
383 1965 510 2032 ratione
540 1967 756 2034 conformatas
787 1969 867 2052 legi,
903 1976 936 2034 et
967 1971 1050 2051 quod
1080 1967 1281 2053 orassem)
1312 1968 1351 2033 de
1379 1965 1521 2048 periodis

247 2073 428 2138 Homericis
445 2074 603 2157 exposuit,
620 2074 703 2140 idem
720 2075 754 2140 in
771 2077 974 2142 Herodoteas
991 2078 1150 2158 quadrare
1167 2075 1244 2140 mihi
1260 2075 1403 2153 videtur3
1421 2091 1523 2153 qnare

248 2183 348 2247 verba
371 2179 441 2246 eius
464 2179 516 2245 hic
539 2200 699 2262 apponere
727 2182 820 2248 libet:
855 2183 926 2266 ‘Die
948 2183 1181 2249 vollhommene
1205 2181 1341 2248 Periode
1364 2179 1409 2244 ist
1432 2178 1524 2244 einer

247 2287 454 2372 chemischen
473 2288 684 2371 Verbindung
707 2309 747 2353 an
770 2290 985 2373 vergleiohen‚
1009 2289 1041 2354 in
1066 2290 1206 2355 welcher
1230 2288 1282 2353 die
1298 2285 1441 2368 Euergie
1464 2285 1524 2350 des

246 2394 414 2477 logisohen
430 2394 658 2461 Bediirtnisses
682 2396 734 2462 die
751 2397 863 2462 Theile
881 2398 1033 2483 (Vorder-
1057 2399 1122 2462 und
1138 2393 1318 2480 Naohsatz)
1343 2394 1424 2460 auch
1440 2393 1524 2458 ohne

249 2503 301 2566 ein
325 2502 507 2568 sichtbares
523 2502 616 2567 Band
640 2523 681 2568 zu
704 2503 807 2569 einem
823 2505 958 2571 Ganzen
981 2503 1158 2587 verkniipft
1180 2503 1244 2569 und
1268 2521 1332 2584 eng
1354 2500 1524 2583 gebunden

248 2608 332 2674 halt:
356 2607 407 2673 die
430 2608 600 2692 lebendige
624 2611 787 2694 Wirkung
810 2613 866 2677 des
883 2613 1079 2678 Gedankens
1103 2611 1221 2676 beruht
1243 2609 1335 2693 nicht
1356 2607 1446 2672 mehr
1469 2604 1530 2670 auf

250 2717 310 2780 den
334 2713 482 2780 isolirten
499 2716 643 2800 Theilen
668 2719 806 2783 sordem
829 2719 899 2784 ihre
915 2718 1126 2800 Verbindung
1141 2717 1186 2783 ist
1202 2736 1236 2782 es
1253 2719 1343 2798 eben,
1367 2732 1436 2780 was
1453 2713 1524 2780 dem

249 2821 429 2887 Einzelnen
453 2822 515 2887 wie
538 2825 609 2889 dem
634 2825 770 2890 Ganzen
794 2826 863 2891 sein
887 2825 998 2891 Leben
1026 2826 1126 2908 giebt.
1173 2826 1211 2890 In
1243 2822 1329 2889 allen
1359 2819 1526 2901 Spraohen

250 2929 310 2994 hat
338 2929 439 2994 daher
468 2929 550 2996 auch
573 2931 625 2996 die
649 2931 766 2998 reitere
788 2933 1034 3014 Durohbildung
1056 2932 1113 2997 des
1137 2931 1334 2997 (ledankens
1354 2929 1388 3010 J'e
1404 2927 1528 3007 danger

248 3037 282 3118 je
310 3036 401 3101 mehr
429 3036 480 3101 die
512 3038 731 3127 ausserliehen
761 3040 970 3106 Biudemittel
1001 3039 1164 3104 zwisohen
1195 3040 1253 3104 der
1282 3033 1431 3101 Protesis
1461 3034 1527 3097 und

251 3142 411 3224 Apodosis
443 3142 544 3225 vollig
573 3146 782 3228 abgeworfen
812 3148 877 3212 und
907 3147 1072 3212 iiberlasst
1102 3164 1136 3211 es
1171 3145 1260 3210 einer
1293 3139 1525 3220 verstandigen

252 3249 460 3332 Auffassung,
484 3251 543 3316 das
567 3251 705 3336 richtige
729 3254 937 3321 Verbaltniss
961 3272 1002 3319 zu
1025 3253 1208 3318 erkennen’
1378 3337 1382 3342 ἡ

343 3358 413 3421 iarn
442 3357 609 3424 videamus
640 3379 797 3441 quaenam
826 3361 1007 3443 particulae
1036 3366 1071 3425 et
1099 3378 1162 3442 qua
1185 3359 1217 3426 vi
1241 3360 1282 3424 ab
1307 3355 1471 3421 Herodoto
1494 3351 1528 3414 in

253 3461 346 3528 initio
370 3465 520 3544 apodosis
543 3466 769 3533 adhibeantur.
1223 3455 1228 3460 ’

623 3638 673 3722 ὥς
697 3685 736 3691 -
764 3641 867 3711 οὕτω
891 3647 960 3713 sive
985 3641 1088 3711 ollam
1112 3643 1165 3732 δή.

256 3796 294 3873 in
318 3809 426 3873 decem
447 3807 526 3873 locis
543 3808 672 3889 quisshio
689 3810 843 3876 afferendi
867 3815 942 3874 sunt
965 3828 1027 3874 uno
1051 3806 1171 3890 legitur
1196 3798 1288 3880 οὕτω,
1313 3800 1429 3866 ceteris
1447 3791 1531 3860 oliuo

257 3913 303 4001 δή.
344 3916 379 3981 Π
414 3922 474 3981 152
504 3921 558 3979 καί
584 3936 689 4002 σφεας
721 3915 843 4000 μεγάλα
874 3909 1124 3997 ὑπισχνεύμενος
1156 3915 1271 3976 πείθει
1302 3903 1531 3992 (deripiamus)

257 4015 327 4104 μετ’
358 4021 475 4088 ἑαυτοῦ
505 4029 676 4107 γενέσθαι·
724 4016 772 4099 ὡς
794 4023 826 4087 δὲ
850 4021 970 4101 ἔπεισε,
997 4017 1095 4085 ollam
1119 4015 1187 4101 ἅμα
1210 4027 1295 4081 τοῖσι
1318 4003 1388 4096 μετ)
1412 4011 1531 4075 ἕιααταῖ·

257 4130 477 4217 βουλομένοισι
492 4130 705 4216 Αἰγυπτίοισι
720 4131 774 4194 καὶ
790 4140 876 4194 ταῖσι
892 4128 1091 4214 ἐπικούροισι
1107 4129 1266 4210 καταιρέει
1284 4120 1357 4197 τοὺς
1372 4119 1531 4204 βασιλέας.

258 4239 375 4306 Brevis
403 4240 555 4324 protasis,
585 4258 666 4322 quae
693 4258 752 4304 nos
779 4240 820 4305 ad
844 4235 1072 4305 antecedentia
1094 4234 1231 4316 relegat,
1255 4225 1534 4311 comprehenditur

258 4347 420 4428 particula
445 4341 537 4424 elluo,
562 4347 611 4412 ita
630 4355 660 4411 nl
681 4347 742 4412 hac
765 4347 845 4410 nihil
869 4346 956 4410 alind
974 4343 1173 4426 significetur
1189 4339 1252 4405 nisi
1269 4359 1289 4404 a
1304 4333 1534 4402 Psammitioho

260 4467 327 4526 tum
351 4461 485 4541 demum,
509 4476 579 4523 curn
595 4455 775 4538 Aegyptios
799 4456 840 4519 ad
864 4472 954 4518 suam
978 4449 1183 4533 perduxisset
1206 4447 1416 4524 voluntatem,
1439 4458 1534 4521 reges

351 4641 371 4708 ¹)
391 4639 622 4705 Beobaehtungen
632 4635 698 4688 tiber
708 4623 1215 4694 denHomerisohenSprachgebrauch,
1224 4619 1373 4675 Frankfurt
1383 4615 1534 4669 a.hi.1879.
1598 4627 1602 4642 ·
1678 4601 1679 4610 ¹
