3374 5272
658 355 870 454 mii-d„

124 570 365 638 enuntiationes
398 569 641 654 perspicuitatis
672 532 772 635 causa
806 567 925 651 repeti,
949 534 991 633 id
1023 567 1105 648 quod
1134 561 1402 650 Volkmann¹)

125 686 216 746 reete
238 677 379 745 notasse
395 677 473 744 mihi
496 675 665 761 rideturll.
729 755 731 759 .

214 804 314 870 Pauci
345 805 492 886 rhetores
521 804 581 868 duo
605 800 810 883 epanalepsis
841 819 962 883 genera
992 818 1065 866 esse
1098 800 1278 881 voluerunt,
1307 817 1402 865 unum

124 905 204 978 fieri
220 911 312 978 unios
336 911 437 992 verbi,
462 911 599 976 alterum
623 908 761 991 pltrium
785 911 954 976 verborum
979 904 1242 991 coniunctionc³);

215 1036 446 1119 Epanalcpsim
462 1037 680 1101 Herodotcam
697 1034 805 1116 aliqua
828 1053 869 1100 cx
894 1039 992 1116 parte
1009 1032 1169 1100 tractavit
1192 1032 1347 1098 Zander
1370 1031 1404 1096 in

127 1144 358 1210 dissertatione
381 1163 474 1224 quam
498 1141 690 1223 conscripsit
706 1143 746 1207 de
762 1140 951 1222 epanalepsi
968 1139 1142 1205 Homerica
1157 1146 1191 1204 et
1207 1139 1402 1204 Herodotea.

127 1251 300 1334 Congessit
311 1250 394 1316 enim
405 1248 653 1332 diligentissimo
665 1249 752 1313 locos
763 1249 965 1313 Herodoteos
978 1265 1048 1312 cunr
1061 1244 1242 1312 Homericis
1256 1245 1402 1328 collatos,

126 1358 159 1423 in
192 1357 306 1439 quibus
341 1355 543 1440 praesertim
578 1361 652 1436 post
686 1356 788 1421 verba
820 1353 994 1420 interiecta
1025 1352 1192 1434 superiora
1221 1351 1404 1418 iterantur.’
1465 1361 1467 1366 '

126 1465 192 1531 Sed
220 1483 290 1532 cum
320 1463 458 1529 maxime
487 1482 541 1528 eos
571 1462 657 1528 locos
688 1462 814 1545 afferat,
847 1461 880 1525 in
904 1460 1020 1542 quibus
1044 1459 1192 1542 singulae
1216 1477 1310 1525 voces
1335 1458 1404 1525 sive

126 1572 282 1637 articulus
300 1571 369 1637 sive
385 1568 573 1651 pronomina
589 1568 658 1635 sive
674 1568 803 1634 nomina
820 1569 991 1651 iterantur,
1015 1575 1049 1634 et
1062 1567 1302 1633 enuntiationes
1314 1567 1404 1650 ipsas

126 1677 285 1763 repetitas
302 1677 408 1743 obiter
428 1676 580 1758 attigerit
596 1675 706 1757 itaque
726 1681 851 1742 tantum
868 1694 970 1758 genus
986 1674 1093 1740 rarius
1110 1674 1317 1757 epanalepsis
1335 1693 1404 1756 per-

126 1784 337 1866 tractaverit‚
368 1784 453 1848 haud
485 1784 545 1848 abs
574 1801 610 1847 re
641 1782 705 1847 erit
733 1781 767 1847 in
796 1800 852 1848 eas
882 1781 1089 1864 epanalepsis
1119 1786 1153 1846 et
1182 1780 1341 1847 Herodoti
1365 1787 1404 1846 et

127 1891 325 1976 Thucydidis
341 1889 472 1978 formas,
497 1910 577 1970 quae
594 1892 751 1956 debentur
767 1890 955 1972 repetitioni
971 1889 1072 1956 totius
1089 1889 1331 1970 enuntiationis
1356 1887 1403 1952 in-

127 1997 263 2079 quirere.
300 1998 446 2064 Eandem
470 2003 577 2063 antem
594 2016 762 2078 sequemur
785 1997 943 2063 rationem
962 2003 1060 2078 atque
1077 2015 1185 2080 snpra,
1209 2001 1245 2062 ut
1268 1996 1402 2078 primum

127 2106 167 2170 de
190 2103 270 2169 locis
295 2103 498 2187 Herodoteis‚
523 2103 638 2170 deinde
661 2105 701 2168 de
725 2101 943 2184 Thucydideis
967 2103 1191 2187 disceptemus.

216 2229 286 2294 Iam
303 2247 357 2294 eos
373 2228 459 2294 locos
476 2227 648 2294 afferamus
665 2229 876 2310 Herodoteos‚
897 2229 929 2293 in
947 2227 1061 2309 quibus
1079 2228 1148 2294 sive
1164 2226 1404 2294 enuntiationes

127 2335 304 2418 primariae
328 2335 397 2402 sive
422 2333 633 2432 secundariae
657 2341 855 2417 repetuntur.
893 2335 1014 2400 Variae
1038 2339 1114 2401 sunt
1137 2353 1264 2418 causae,
1289 2334 1404 2415 quihus

127 2443 280 2524 repetitio
304 2436 475 2526 enuntiati,
504 2461 693 2524 quamquam
722 2464 785 2509 non
813 2431 999 2510 necessaria
1021 2444 1068 2529 fit,
1092 2450 1201 2510 tamen
1225 2449 1405 2527 opportuna

127 2550 266 2616 videtur.
305 2552 369 2616 Ao
401 2551 537 2633 primum
569 2551 694 2632 quidem
728 2553 790 2618 huo
821 2551 983 2618 referendi
1014 2558 1091 2617 sunt
1123 2552 1193 2635 loci,
1227 2552 1258 2616 in
1291 2551 1405 2632 quihus

127 2656 290 2722 nonnullis
306 2656 415 2722 verbis
432 2657 634 2740 interpositis
652 2657 872 2744 (parenthesis
889 2677 982 2739 quam
999 2663 1117 2724 vocant
1132 2657 1249 2742 forma)
1267 2676 1407 2723 conexus

128 2763 364 2828 sententiarum
399 2763 600 2846 interruptus
635 2765 829 2847 repetitione
860 2764 1022 2831 enuntiati
1054 2765 1277 2831 antecedentis
1303 2764 1407 2840 ,resti-

126 2868 241 2934 tuitur.
277 2871 369 2935 Haec
386 2874 438 2935 est
453 2859 636 2952 proprietas
654 2862 800 2938 omnibus
816 2872 936 2954 linguis
953 2872 1126 2962 communis
1143 2879 1177 2937 et
1189 2875 1230 2937 ab
1244 2871 1407 2938 Herodoto

127 2974 319 3058 saepissime
343 2960 515 3042 adhibetur
543 2996 583 3042 ea
613 2967 749 3060 ratione,
779 2983 817 3043 ut
847 2977 1036 3060 parenthesi
1059 2978 1253 3060 interposita
1276 2996 1334 3042 nos
1366 2979 1407 3042 ad

126 3082 355 3147 antecedentia
378 3081 491 3148 iisdem
515 3083 583 3148 fere
607 3067 716 3150 uerbis
740 3089 837 3166 atque
861 3090 960 3150 antea
982 3103 1059 3150 usus
1084 3089 1145 3150 est*
1163 3085 1296 3166 releget.
1336 3085 1405 3149 Non

126 3207 204 3252 raro
228 3189 337 3253 verbis
361 3190 511 3272 repetitis
535 3190 697 3272 particula
720 3188 757 3276 δή
781 3191 931 3274 apposita
955 3195 1019 3256 est:

173 3312 191 3377 I
217 3317 232 3377 1
258 3310 388 3390 τούτους
411 3311 471 3398 γὰρ
495 3313 674 3398 (Φοίνικος)
697 3305 765 3378 α’πὸ
786 3323 842 3404 τῆς
858 3307 1014 3402 Ἐροθρῆς
1036 3315 1224 3402 καλεομένης
1239 3313 1408 3400 θαλάσσης

263 3411 477 3501 ιῖπικομένοος
492 3417 547 3484 ἐπὶ
567 3418 657 3506 τήνδε
680 3419 735 3507 τήν
757 3420 930 3485 θάλασσαν
945 3422 999 3485 καὶ
1017 3471 1023 3484 .
1043 3471 1049 3484 .
1069 3471 1075 3484 .
1094 3419 1282 3496 ἐςαπικνέ
1289 3425 1407 3485 εσθαι

264 3526 330 3588 καὶ
353 3526 371 3590 (1
377 3554 396 3614 η
419 3527 484 3590 καὶ
508 3520 588 3603 aph
599 3551 697 3612 ργος.
736 3526 774 3591 τὸ
789 3527 822 3592 δὲ
832 3521 939 3614 Ἄργος
955 3537 1067 3592 τοῦτον
1083 3527 1137 3593 τὸν
1150 3527 1262 3612 χρόνον
1278 3539 1407 3611 προεῖχε

171 3656 176 3663 ’
250 3627 367 3706 Ὶἅπασι
391 3643 455 3697 τιῦν
479 3631 511 3698 ἐν
534 3642 573 3721 τῇ
588 3643 642 3698 νῦν
656 3627 781 3699 ‘alludi
804 3635 976 3721 καλεομένηΙ
997 3634 1094 3721 χώρῃ.
1133 3625 1407 3715 ἀπικομένους

264 3739 302 3804 δὲ
332 3739 424 3830 τοὺς
454 3745 649 3817 Φοίνικας
679 3740 718 3818 ἐς
748 3741 793 3829 δὴ
823 3736 1017 3829 τὸἌργος
1046 3751 1163 3807 τοῦτο
1193 3741 1407 3805 διατίθεσθαι

263 3844 318 3912 τὸν
343 3846 462 3933 φόρτον

175 3972 256 4037 128
287 3970 411 4058 Χρόνου
444 3972 477 4037 δὲ
510 3970 731 4057 ἐπιγινομένου
765 3974 819 4038 καὶ
853 3979 1233 4059 κατεστραμμένων
1268 3971 1407 4054 σχεδὸν

264 4078 425 4144 πάντων
441 4089 505 4144 τιῦν
521 4078 608 4156 ἐντὸς
618 4075 725 4158 Ἅλιος
739 4089 889 4162 ποταμοῦ
905 4079 1077 4168 οἰκημένων
1090 4079 1186 4168 (πλὴν
1197 4067 1407 4166 γάρλΚιλίκιον

225 4294 243 4359 ¹)
262 4291 396 4346 Rhetorih
416 4293 464 4347 der
483 4294 617 4348 Griechen
637 4294 692 4347 und
711 4293 811 4348 Rdmer
829 4293 841 4331 ²
859 4311 885 4362 p.
905 4297 964 4348 397.

219 4382 241 4447 2)
261 4382 335 4447 Quae
358 4382 406 4435 alii
429 4383 551 4436 rhetores
570 4383 664 4436 Latini
688 4388 716 4436 et
735 4383 833 4437 Graeci
853 4384 1007 4436 attulerunt
1025 4383 1101 4437 velut
1121 4381 1212 4448 Quint.
1233 4381 1345 4444 111113,
1365 4383 1406 4447 51,

127 4471 255 4524 Tiberius
274 4475 338 4542 aspi
356 4468 501 4544 σχημάτων
519 4472 678 4541 (Spengel
698 4471 750 4525 vol.
771 4472 815 4524 ΙΙΙ
838 4489 861 4540 p.
882 4475 916 4525 70
936 4474 986 4538 sq.)
1012 4472 1099 4525 minus
1118 4471 1236 4524 dilucida
1255 4477 1326 4534 sunt,
1347 4487 1407 4523 oum

127 4560 313 4628 epanalepsim
331 4576 385 4614 uon
404 4567 582 4614 secernente
601 4559 765 4630 tautologia.

220 4645 245 4716 3)
264 4647 299 4701 ci.
320 4647 408 4702 Rutili
427 4649 497 4717 Lupi
516 4650 549 4703 de
568 4649 713 4702 schematis
733 4649 824 4703 lexeos
843 4649 890 4702 lib.
910 4649 924 4700 1
943 4649 958 4718 ξ
979 4650 1019 4701 11⁵
1031 4648 1142 4716 (Halm
1161 4665 1186 4714 p.
1205 4648 1241 4712 8).

1249 4736 1265 4788 3
