3374 5272
919 399 959 458 1'2

298 605 415 692 σμικρὰ
427 607 482 670 καὶ
493 603 616 691 μεγάλα
628 599 728 672 ἄστεα
736 599 923 693 ἀνθρώπων
937 603 1071 682 ἐπεξιὼν
1083 605 1211 672 collatis
1220 607 1313 672 Hom.
1325 608 1437 674 Od.13
1448 607 1575 672 νοολλιον

298 706 326 776 d'
342 705 529 798 deducimur
546 711 610 777 tileo
625 706 725 778 ἄστεα
748 714 803 778 καὶ
826 707 1003 798 νόονὲγνω
1026 713 1177 797 cognosci
1201 733 1296 794 posse
1320 714 1516 780 Herodotum
1541 714 1574 778 in

299 840 395 903 opere
418 821 633 903 componendo
657 821 784 887 ratione
800 821 974 887 Homerica
997 840 1032 887 se
1056 819 1128 886 duci
1151 820 1251 902 velle,
1276 825 1343 885 tum
1359 821 1493 888 eandem
1509 819 1574 886 vim

299 927 406 994 omnia
435 946 528 1008 quam
553 927 691 994 maxime
722 927 906 1010 explicandi
931 929 1017 1010 apud
1041 927 1240 994 Herodotum
1265 947 1329 993 non
1351 926 1457 993 minus
1481 947 1573 1008 qnam
1637 921 1639 926 ’

299 1035 384 1116 apud
408 1034 580 1104 Homerum
612 1033 750 1100 inueniri
781 1039 815 1101 et
844 1035 930 1100 inter
960 1039 1128 1116 utrumque
1157 1053 1307 1116 magnam
1332 1033 1574 1108 similitudinem

300 1140 334 1208 ih
366 1139 544 1206 enuntiatis
568 1140 805 1207 conformandis
837 1141 1047 1225 intercedere,
1071 1139 1207 1222 denique
1237 1140 1393 1206 orationis
1416 1146 1573 1224 ornatum,

300 1246 353 1328 qui
376 1246 502 1332 nitatur
524 1248 620 1313 rebus
636 1247 769 1313 maioris
784 1248 936 1313 momenti
960 1267 1031 1314 cum
1046 1246 1080 1313 vi
1101 1247 1281 1329 efferendis
1311 1247 1573 1314 similitudinibus

300 1352 534 1435 comparandis,
547 1353 720 1420 sententiis
732 1353 836 1420 forma
848 1353 1032 1437 promythii‚
1045 1353 1303 1436 enthymematis,
1320 1354 1573 1436 epiphonematis

299 1459 379 1526 locis
403 1459 526 1528 idoneis
550 1460 639 1542 operi
662 1459 855 1544 inserendis
883 1460 1097 1527 locutionibus
1121 1459 1350 1541 metaphoricis
1374 1460 1580 1544 adhibendis.

300 1586 432 1648 prorsus
456 1567 660 1634 Homericum
684 1588 766 1635 esse.

389 1691 600 1778 Walbher¹)
625 1711 756 1775 quoque,
780 1698 977 1774 quantopere
1001 1693 1185 1760 Herodotus
1207 1691 1290 1768 λέξιν
1313 1691 1475 1778 εἰρομένην
1498 1694 1571 1758 ada·

301 1781 449 1881 moverit,
473 1799 605 1880 exponit
627 1803 661 1866 et
689 1800 758 1865 eius
789 1799 837 1865 rei
864 1799 1082 1865 testimonium
1112 1800 1207 1866 affert
1237 1798 1430 1880 particulam
1457 1803 1511 1862 καί
1541 1800 1573 1864 in

300 1895 383 1970 libro
406 1904 518 1986 primo
531 1907 578 1971 ab*
588 1906 753 1971 Herodoto
778 1905 921 1988 octogies
937 1905 1104 1987 quinquies
1120 1905 1203 1989 poni,
1228 1911 1264 1971 ut
1274 1925 1319 1995 ea
1335 1925 1416 1987 quae
1431 1911 1573 1988 tempore

302 2012 480 2080 succedant
503 2010 734 2096 significentur,
758 2011 938 2094 particulas
961 2016 1015 2075 καί
1036 2017 1070 2077 et
1085 2015 1192 2076 τέ-καί
1208 2012 1395 2095 septuagies
1411 2011 1523 2079 novies
1542 2014 1574 2078 in

300 2118 382 2184 libro
410 2124 525 2186 octavo
548 2119 613 2186 uim
641 2119 877 2201 explicatiuam‘
895 2119 1025 2202 babere,
1053 2105 1182 2184 easdem
1205 2119 1239 2184 in
1261 2119 1344 2185 libro
1368 2139 1451 2185 nono
1474 2119 1574 2186 uicies

301 2224 422 2307 septies
453 2225 610 2309 adhiberi,
642 2232 679 2292 ut
710 2245 759 2309 ea,
792 2245 874 2308 qnae
897 2245 959 2291 nno
984 2227 1155 2306 eodemque
1179 2229 1339 2309 tempore,
1365 2245 1446 2307 quae
1475 2226 1573 2310 prius,

301 2351 382 2412 quae
405 2331 554 2398 continuo
578 2331 668 2398 facta
692 2332 768 2416 sint,
792 2336 1017 2398 annectantur.
1333 2321 1336 2332 '

390 2456 619 2539 Propinquitas
651 2456 810 2523 Herodoti
840 2476 909 2523 cum
938 2457 1078 2522 Homero
1101 2456 1175 2523 inde
1205 2476 1327 2539 quoque
1350 2458 1464 2541 elucet,
1494 2459 1575 2539 quod

301 2562 356 2628 ille
390 2582 579 2644 quamquam
614 2564 850 2648 Halicarnassi,
885 2563 1006 2630 Dorica
1039 2563 1072 2629 in
1107 2567 1194 2647 urbe,
1230 2568 1327 2629 natus
1362 2568 1435 2631 erat
1469 2563 1575 2646 ibique

305 2663 434 2754 longum
464 2670 586 2738 aetatis
621 2675 749 2754 tempus
785 2673 936 2755 degerat,
966 2676 1075 2737 tamen
1105 2671 1243 2738 dialecto
1271 2670 1388 2738 Jonioa
1416 2671 1451 2737 in
1481 2691 1575 2753 opere

301 2798 358 2844 suo
370 2798 448 2846 usus
460 2783 521 2844 est.
561 2779 665 2862 Quam
676 2783 713 2844 ut
728 2777 874 2862 eligeret,
891 2779 1048 2845 adductus
1065 2784 1117 2845 est
1132 2779 1277 2860 exemplo
1293 2779 1572 2861 logographorum,

304 2885 357 2966 qui
380 2904 479 2966 opera
503 2903 562 2950 sura
585 2885 724 2950 dialecto
747 2883 865 2950 Jonioa
887 2885 1102 2951 confecerant.
1150 2885 1229 2951 Cum
1252 2889 1360 2950 autem
1383 2885 1574 2968 logographi

272 2984 276 2992 ’
301 2997 412 3060 uetere
441 2992 510 3060 sive
537 2991 644 3058 media
668 2991 737 3060 siue
760 2991 864 3057 mixta
886 2991 1026 3059 dialecto
1047 2992 1164 3060 Jonioa
1188 2995 1366 3076 uterentur,
1390 2992 1573 3058 Herodotus

301 3089 381 3164 Ἰάόο
397 3118 491 3181 quam
512 3091 631 3166 vocant
646 3099 857 3190 reorcltqvlita
873 3100 1022 3184 excoluit,
1046 3106 1083 3166 ut
1098 3102 1140 3166 ab
1156 3099 1314 3182 Dionysio
1330 3100 1399 3166 eius
1415 3099 1573 3166 dialectus

302 3195 399 3282 Ἰάδος
427 3199 558 3292 ἄριστος
580 3203 684 3269 κανών
708 3207 892 3288 appellatus
922 3207 985 3290 sit
1022 3207 1075 3272 Ex
1099 3206 1248 3291 dialecto,
1273 3225 1366 3289 quam
1389 3207 1573 3273 Herodotus

302 3313 482 3397 usurpavit,
506 3313 602 3380 facile
626 3312 803 3396 percipitur
818 3318 968 3396 magnam
985 3310 1226 3379 similitudinem
1241 3312 1328 3380 inter
1344 3333 1425 3397 eum,
1449 3320 1574 3395 patrem

302 3419 468 3504 historiae,
504 3426 539 3487 et
568 3422 751 3504 Homerum,
786 3425 913 3502 patrem
947 3420 1099 3487 carminis
1134 3409 1265 3502 heroici,
1299 3439 1418 3503 genere
1449 3421 1573 3509 dicendi

302 3527 510 3594 intercedere.
574 3529 642 3594 Nec
680 3528 791 3612 solum,
831 3547 1021 3610 quamquam
1055 3529 1240 3595 Herodotus
1278 3532 1315 3593 ut
1353 3527 1422 3609 ipse
1461 3527 1539 3593 dicit
1547 3527 1573 3612 2)

303 3635 551 3718 quadringentis
575 3636 669 3702 annis
692 3641 768 3717 post
783 3636 956 3702 Homerum
979 3635 1072 3718 vixit,
1097 3633 1222 3701 ratione
1246 3633 1393 3716 periodos
1416 3634 1576 3701 formandi

303 3749 337 3809 et
360 3741 530 3809 enuntiata
553 3741 756 3826 annectendi,
780 3743 813 3809 id
841 3743 923 3824 quod
954 3762 1054 3826 supra
1083 3741 1147 3808 iam
1179 3741 1357 3824 attigimus
1389 3743 1446 3808 sed
1476 3741 1575 3808 etiam

304 3845 514 3916 collocatione
551 3851 736 3931 verborum,
780 3847 923 3932 articuli,
962 3849 1227 3930 coniunctionum,
1266 3847 1495 3914 attributorum
1534 3849 1576 3914 ad

305 3955 514 4023 'substantiva
546 3955 779 4040 accedentium,
810 3974 870 4021 usu
900 3957 1109 4038 metaphorae
1139 3975 1178 4021 ac
1209 3955 1433 4040 metonymice,
1465 3955 1575 4020 formis

261 4153 265 4160 Ι
304 4064 535 4146 epaualepseos
559 4062 696 4129 maxime
719 4060 854 4148 variis³)
871 4063 1010 4129 Homero
1034 4068 1102 4128 tam
1126 4059 1242 4127 similis
1265 4067 1326 4144 est,
1350 4066 1387 4128 ut
1402 4063 1576 4128 Homerum

393 4241 415 4309 ¹)
434 4241 523 4294 Ueber
542 4241 577 4301 ὡς
595 4238 639 4294 bei
658 4239 789 4294 Heroden.
827 4239 943 4292 Hameln
964 4241 1040 4292 1887.

393 4329 415 4394 ²)
434 4329 462 4382 ΙΙ
482 4332 516 4383 13
537 4331 661 4383 Ἡσίοδον
684 4325 738 4399 γὰρ
762 4330 809 4382 καὶ
824 4324 943 4399 ’Όμηρον
969 4327 1076 4398 ἡλικίην
1101 4330 1299 4397 τετρακοσίοισι
1327 4329 1398 4381 ἔτεσι
1419 4329 1577 4400 δοκέομεν

305 4421 501 4490 πρεσβοέέροος
521 4421 665 4490 γενέσθαι,
687 4420 734 4472 καὶ
753 4409 785 4471 οὗ
804 4419 905 4472 πλέοσι.

392 4507 416 4578 ³)
435 4507 468 4562 ef.
488 4523 521 4562 ea
539 4523 608 4576 quae
625 4507 660 4562 ad
678 4507 749 4562 hane
760 4522 817 4561 rem
836 4505 1026 4560 illustrandam
1044 4505 1199 4561 accuratius
1219 4505 1345 4574 exposuit
1363 4505 1506 4573 Kleber,
1525 4507 1578 4562 Die

304 4597 439 4653 Rhetorik
456 4596 501 4652 bei
517 4597 639 4652 Herodot
656 4601 728 4664 part.
747 4597 769 4664 I,
788 4595 956 4666 waenberg
976 4597 1044 4650 1889
1058 4601 1087 4650 et
1099 4595 1218 4652 eiusdem
1230 4597 1271 4649 De
1284 4611 1384 4670 genere
1403 4594 1510 4654 dicendi
1523 4597 1578 4657 He·

303 4687 416 4742 redoteo
435 4683 608 4754 quaestiones
625 4685 751 4758 selectae,
770 4685 939 4755 waenberg
959 4685 1037 4739 1890.
