3374 5272
800 317 1012 413 *Aa*

271 538 305 610 et
316 533 455 598 Wendt
467 530 490 617 1)
503 535 537 598 et
553 527 740 614 Zauder2)
754 535 843 595 recte
855 535 986 594 notasse
999 527 1077 593 mihi
1088 528 1248 595 videntur.
1274 529 1336 594 Sed
1353 529 1547 615 falleremur,

272 639 300 707 si
324 644 539 706 statueremus
564 643 614 704 tot
636 639 713 704 illas
736 635 913 702 locutiones
930 635 1042 701 deberi
1058 639 1183 701 tantum
1200 635 1375 701 imitationi
1391 637 1546 704 orationis

272 747 471 814 Homericae.
514 746 594 812 Mihi
617 745 743 828 quidem
760 745 944 810 Herodotus
968 761 1024 808 eas
1048 743 1132 808 hanc
1155 745 1195 807 ob
1211 761 1342 808 causam
1366 748 1433 807 tam
1450 763 1545 826 saepe

271 850 457 920 adhibuisse
486 852 631 919 uidetur:
667 852 745 918 (tum
776 850 841 915 illis
873 849 1071 931 temporibus
1106 848 1220 929 quibus
1249 847 1433 914 Herodotus
1468 870 1543 932 opus

272 978 362 1025 suum
386 959 533 1041 confecit,
556 977 653 1040 prosa
673 958 778 1024 oratio
800 957 938 1022 nendum
954 955 1084 1021 exculta
1101 974 1139 1020 ac
1155 953 1317 1036 perpolita
1332 960 1430 1038 esset,
1455 956 1545 1023 immo

273 1085 313 1131 ex
342 1083 488 1133 sermone
517 1065 642 1147 poetico
672 1083 804 1146 prorsus
835 1064 1000 1146 penderet,
1033 1061 1180 1143 inprimis
1203 1062 1364 1126 transitus
1388 1065 1429 1128 ud
1452 1064 1546 1129 aliam

272 1191 339 1237 rem
366 1171 473 1254 logica
496 1171 623 1238 ratione
646 1170 778 1236 formati
809 1169 960 1253 scriptori
984 1167 1208 1235 difficultatem
1235 1168 1423 1235 offerebant.
1470 1171 1546 1236 Inde

272 1278 495 1360 explicandum
519 1285 571 1344 est
590 1297 653 1343 non
677 1277 778 1343 solum
802 1281 876 1358 post
898 1275 1062 1342 orationes
1087 1273 1177 1356 operi
1205 1264 1347 1342 insertas
1372 1277 1546 1365 sedetiam

273 1385 307 1451 in
330 1387 392 1452 fine
414 1384 555 1452 cuiusvis
579 1383 683 1466 partis
707 1383 782 1449 illas
806 1383 995 1466 locutiones,
1020 1381 1133 1464 quibus
1150 1382 1310 1448 transitus
1326 1380 1367 1448 ad
1384 1384 1549 1466 sequentia

273 1493 341 1576 fiat,
372 1493 413 1559 ab
444 1492 608 1558 Herodoto
641 1490 724 1572 poni.
781 1491 881 1555 Porro
912 1489 987 1555 inde
1016 1489 1122 1554 elucet
1151 1508 1207 1555 eas
1238 1489 1272 1554 in
1303 1489 1447 1556 transitu
1476 1511 1548 1557 raro

275 1599 328 1684 (ef.
356 1599 373 1664 1
406 1604 474 1664 134.
508 1603 579 1681 rue,
607 1597 642 1662 ιι
672 1603 723 1662 οε.
756 1602 807 1662 eo.
841 1601 912 1680 145,
942 1596 1103 1688 ΙΙΙ-ατ)
1133 1597 1239 1662 omitti
1267 1603 1301 1662 et
1331 1585 1440 1664 multis
1472 1598 1549 1664 rous

274 1705 383 1790 inseri,
406 1712 443 1773 ut
466 1723 547 1786 quae
570 1702 682 1785 paucis
706 1701 854 1771 versibus
878 1702 1088 1768 continentur
1111 1705 1430 1785 comprehendantur.

363 1813 432 1878 Iam
462 1811 628 1878 videamus
658 1828 828 1891 quamnam
857 1808 1017 1875 rationem
1050 1811 1255 1891 Thucydides
1284 1812 1326 1876 ad
1356 1812 1551 1878 sententiam

275 1919 523 1986 concludendam
548 1916 764 1998 usurpaverit.
811 1916 864 1982 Ea
892 1935 973 1997 quae
997 1916 1157 1999 copiosius
1181 1936 1200 1982 a
1224 1918 1381 1999 scriptore
1398 1926 1553 1986 enarrata

275 2031 352 2091 sunt
379 2025 563 2106 plerumque
592 2022 703 2104 paucis
733 2021 842 2089 verbis
866 2023 1184 2104 *comprehenduntur
1213 2029 1247 2090 et
1273 2025 1322 2090 ita
1353 2026 1487 2110 quidem,
1517 2032 1554 2092 ut

275 2131 316 2197 iis
346 2131 464 2215 verbis,
496 2151 516 2198 a
545 2131 659 2213 quibus
689 2129 836 2196 narratio
865 2130 990 2214 incipit,
1022 2130 1141 2196 similia
1174 2135 1284 2216 verba,
1313 2152 1393 2214 quae
1424 2153 1481 2198 nos
1511 2137 1554 2199 ad

275 2239 501 2305 antecedentia
516 2238 675 2321 relegant,
691 2237 918 2319 respondeant.
948 2237 1145 2319 Saepissime
1167 2239 1219 2304 vel
1235 2238 1342 2319 potius
1358 2239 1391 2304 in
1407 2238 1554 2306 omnibus

275 2345 343 2411 fere
367 2345 436 2412 eius
453 2345 583 2428 generis
599 2345 679 2411 locis
696 2365 716 2410 a
732 2344 890 2426 scriptore
906 2343 1095 2426 pronomina
1110 2345 1163 2411 vel
1179 2333 1334 2411 adverbia
1349 2345 1555 2431 adhibentur,

276 2471 357 2534 quae
380 2452 465 2518 inter
489 2474 524 2520 se
540 2454 745 2535 respondent,
770 2453 859 2519 velut
881 2445 932 2514 ὅδε
948 2490 991 2497 -
1008 2440 1109 2528 οὗτος,
1127 2445 1178 2516 ὅδε
1195 2493 1235 2500 «·
1253 2460 1407 2530 τοιοοτας,
1429 2453 1557 2538 τοιόσδε

274 2595 316 2605 -
341 2567 494 2637 τοιοῦτος,
526 2549 586 2624 ὦδε
610 2599 654 2607 -
679 2553 773 2622 οὕτω.
821 2559 870 2624 Εο
894 2559 973 2643 Ιοοο,
1003 2578 1064 2641 quo
1089 2560 1131 2625 ad
1153 2547 1385 2626 'antecedentia
1415 2543 1556 2644 scriptor

275 2685 333 2732 nos
361 2668 496 2752 relegat,
527 2669 734 2750 plerumquae
761 2666 883 2749 legitur
912 2666 1075 2748 particuda
1097 2665 1154 2748 μὲν
1178 2668 1230 2735 vel
1253 2667 1310 2748 μὲν
1335 2655 1388 2731 οὖν
1411 2687 1554 2750 compre-

185 2779 191 2791 “
275 2774 429 2859 hendens,
453 2774 504 2841 cui
525 2773 560 2839 δὲ
583 2774 744 2856 particula
768 2775 809 2839 ad
826 2773 997 2856 sequentia
1021 2773 1196 2840 transitum
1219 2774 1342 2840 iaciens
1366 2777 1554 2856 respondet:

275 2881 315 2947 tf.
340 2881 423 2948 VIII
448 2889 486 2947 17
517 2881 572 2944 καὶ
603 2873 621 2964 ἡ
646 2879 726 2967 πρὸς
755 2879 891 2963 βασιλέα
921 2878 1081 2962 ξυμμαχία
1105 2879 1369 2968 Λακεδαιμονίοις
1395 2873 1414 2968 ἡ
1442 2880 1555 2968 πραίτη

277 2987 439 3074 Μιλησίων
463 2979 563 3063 εὐθὺς
586 2979 798 3051 ἀποστάντων
822 2985 873 3050 διὰ
895 2991 1132 3074 Τισσαφέρνους
1155 2987 1209 3050 καὶ
1225 2986 1408 3063 Χαλκιδέως
1432 2984 1555 3071 ἐγένετο

197 3107 199 3113 ’
276 3088 343 3183 ἥδε
366 3134 410 3143 -
433 3094 515 3160 VIII
540 3101 579 3159 19
595 3086 633 3156 ‘H
650 3092 707 3174 μὲν
731 3092 890 3175 ξυμμαχία
914 3089 1009 3180 αὕτη
1033 3091 1163 3178 ἐγένετο,
1182 3095 1263 3160 VIII
1281 3100 1321 3158 57
1345 3094 1399 3157 καὶ
1415 3094 1554 3173 σπονδὰς

275 3204 384 3287 τρίτας
407 3199 523 3276 τοίςδε
547 3199 716 3265 σπένδεται
735 3239 771 3247 -
792 3202 873 3267 VIII
891 3208 931 3266 59
949 3199 993 3266 Αἱ
1016 3200 1075 3282 μὲν
1098 3199 1234 3264 σπονδαὶ
1259 3189 1377 3265 αὗται
1401 3198 1552 3287 ἐγένοντο,

275 3311 327 3377 III
351 3317 391 3376 27
420 3308 527 3375 11](οῑ
558 3308 591 3372 δὲ·
613 3309 823 3396 Μυτιληναῖοι
848 3359 855 3372 .
881 3358 888 3371 .
913 3299 1144 3392 α’ναμκοίζονιαι
1169 3307 1348 3391 ξυμβαίνειν
1376 3307 1457 3394 πρὸς
1479 3309 1554 3387 τοὺς

269 3409 456 3503 Ἀθηναίους
479 3414 628 3480 διδτοίδ
636 3441 651 3480 ε
677 3453 713 3462 -
740 3417 792 3483 ΙΙΙ
810 3423 850 3482 28
875 3408 971 3501 ἡμὲν
995 3413 1148 3498 ξύμβασις
1168 3410 1217 3479 ὀὕ
1225 3439 1268 3503 τη
1292 3413 1423 3502 ἐγένετο,
1447 3419 1494 3483 IV
1512 3427 1552 3485 76

275 3524 328 3588 καὶ
352 3522 553 3610 Πτοιοδώρου
575 3514 707 3606 μάλιστ’
731 3515 844 3608 α’νδρδς
868 3520 1010 3610 φυγάδος
1033 3520 1066 3587 ἐκ
1094 3527 1201 3608 (νηβιον
1230 3519 1435 3608 ε’ςηγουμένου
1458 3524 1555 3591 τάδε

275 3622 385 3708 αὐτοῖς
415 3629 665 3718 παρεσκευάσθη
699 3670 735 3711 5-
760 3631 806 3697 IV
833 3637 873 3696 77
902 3630 944 3696 in.
969 3623 1006 3694 ‘H
1030 3629 1088 3712 μὲν
1119 3618 1172 3693 οὖν
1204 3627 1355 3716 ἐπιβουλὴ
1382 3631 1554 3720 τοιαύτη

218 3718 225 3726 λ
274 3737 537 3825 παρεσκευάζετο,
553 3740 606 3806 ΠΙ
624 3746 662 3804 21
682 3740 724 3806 in.
746 3738 787 3805 Τὸ
804 3738 836 3803 δὲ
859 3751 963 3821 τεῖχος
986 3727 1022 3826 ἦν
1038 3748 1102 3803 τιον
1119 3740 1382 3826 Πελοποννησίων
1398 3738 1554 3805 τοιόνδε

274 3853 313 3932 τῇ
337 3843 603 3932 οἰκοδομήσει-
628 3847 681 3913 ΙΙΙ
706 3852 745 3912 21
771 3848 824 3913 fin.
857 3845 893 3911 τὸ
923 3847 981 3930 μὲν
1011 3835 1065 3911 οὖν
1088 3859 1193 3932 τεῖχος
1216 3873 1241 3932 ην
1265 3856 1555 3934 περιεηροοροιῖντο

276 3949 306 4016 οἱ
330 3952 492 4040 Πλαταιῆς
514 3963 698 4018 τοιοῦτον
721 3940 766 4040 ἦν,
791 3955 821 4019 V
846 3961 886 4020 69
912 3954 955 4020 in.
982 3959 1188 4040 παραινέσεις
1211 3946 1290 4017 καθ’
1315 3952 1466 4030 ἑκάστους
1488 3947 1570 4018 διεδ

275 4057 340 4124 τῶν
370 4058 494 4126 οίκείιυν
525 4069 709 4149 στρατηγῶν
740 4060 895 4125 τοιαίδε
924 4059 1084 4146 ἐγίγνοντο
1117 4101 1155 4108 -
1182 4062 1211 4125 V
1241 4068 1281 4127 69
1312 4062 1365 4129 fin.
1400 4073 1467 4138 τοις
1495 4061 1554 4144 μὲν

269 4155 420 4254 Ἀργείοις
442 4167 496 4231 καὶ
520 4155 695 4251 ξυμμάχοις
717 4177 890 4233 τοιαῦτα
913 4173 1092 4256 παρηνέθη.

362 4276 541 4341 Pronomen
564 4281 598 4340 et
620 4275 808 4343 adverbium
831 4276 865 4342 in
890 4276 987 4342 initio
1011 4281 1045 4342 et
1061 4275 1092 4341 in
1110 4276 1173 4342 fine
1197 4276 1393 4341 narrationis
1418 4275 1481 4344 sibi
1503 4298 1554 4343 re·

275 4383 434 4465 spondent
449 4381 495 4447 VI
513 4390 532 4448 2
549 4381 591 4447 in.
617 4373 745 4470 ᾠκίσθη
762 4382 801 4447 ’δὲ
827 4372 901 4448 ὧδε
924 4382 961 4448 τὸ
985 4375 1116 4470 ιίρχαίον
1140 4381 1194 4446 καὶ
1217 4381 1311 4445 τοσιί
1318 4382 1355 4447 δε
1379 4380 1458 4470 έδνη
1483 4380 1555 4465 ἔσχε

366 4525 386 4590 ¹)
405 4523 548 4589 Wendt,
568 4523 602 4578 dc
620 4492 743 4578 oratione
761 4523 894 4578 Herodoti
912 4540 957 4594 pg.
975 4526 1015 4578 14.

363 4613 385 4684 ²)
404 4613 554 4682 hender,
574 4613 607 4667 de
627 4613 784 4685 epanalepsi
804 4611 950 4670 Homerica
969 4617 998 4668 et
1016 4613 1174 4670 Herodotea
1192 4629 1237 4684 pg.
1258 4615 1299 4670 16.
