3374 5272
231 1680 518 1788 commentatione
540 1740 613 1788 mea
636 1741 717 1803 quae
741 1721 930 1788 inscribitur
953 1723 1002 1806 ,de
1023 1722 1208 1804 pleonasmo
1230 1721 1416 1790 Herodoteo

71 1850 77 1857 ·
141 1834 216 1912 pars
240 1830 276 1894 1)
323 1836 356 1895 et
385 1829 506 1910 prodiit
533 1827 565 1894 in
595 1828 766 1895 annalibus
796 1829 958 1913 gymnasii
982 1823 1190 1896 Hameiensis
1221 1837 1414 1896 ann01883

141 1937 287 2002 confecta
326 1937 455 2018 speravi
488 1935 625 2002 alteram
660 1955 781 2018 quoque
815 1941 941 2018 partem
969 1956 1063 2018 quam
1095 1935 1304 2020 promiseram
1344 1957 1416 2003 mox

141 2065 161 2110 a
183 2063 233 2109 me
257 2043 370 2109 confici
394 2063 497 2126 posse.
531 2043 603 2116 ,Sed
627 2041 725 2110 officii
748 2062 878 2110 munere
902 2043 985 2110 satis
1010 2049 1183 2126 occupatus
1208 2063 1266 2110 nec
1289 2063 1415 2126 semper

140 2153 224 2216 bona
250 2151 433 2218 valetudine
457 2169 533 2216 usus
550 2169 607 2233 per
630 2152 759 2233 longum
783 2150 938 2232 temporis
962 2151 1101 2233 spatium
1126 2170 1195 2218 cum
1213 2171 1329 2236 magno
1346 2171 1415 2216 meo

143 2259 250 2324 dolore
272 2253 463 2323 'deterritus
494 2275 579 2340 sum,
615 2276 655 2322 ne
686 2257 718 2322 in
754 2259 984 2339 pertractando
1014 2258 1198 2341 pleonasmo
1232 2259 1416 2324 Herodoteo

141 2381 324 2451 pergerem:
355 2383 439 2429 nunc
467 2365 590 2430 demum
615 2364 753 2432 alteram
777 2367 902 2446 partem
927 2365 1059 2450 conieci,
1083 2365 1116 2430 in
1140 2385 1203 2447 qua
1226 2365 1286 2442 Th,
1311 2365 1434 2430 Birtio¹

143 2476 273 2536 aristone
296 2471 328 2535 in
346 2469 544 2552 Thucydidis
569 2489 690 2553 quoquc
715 2471 945 2538 abundantiam
963 2471 1119 2537 sermonis
1136 2470 1298 2554 inquisivi.
1339 2471 1415 2536 eun

143 2581 249 2642 autem
274 2595 313 2642 ea
342 2595 422 2658 quae
446 2577 467 2642 l.
492 2577 513 2642 l.
539 2597 612 2660 pag.
644 2584 662 2642 3
693 2597 738 2659 sq.
771 2579 810 2644 de
842 2577 1028 2660 pleonasmo
1059 2578 1238 2660 attulimus,
1271 2577 1416 2644 breviter

144 2681 346 2765 strictimque
384 2683 561 2766 composita
597 2683 664 2750 sint
699 2687 738 2750 ob
774 2703 906 2766 eamque
938 2703 1067 2750 causam
1099 2684 1155 2751 vix
1186 2683 1417 2766 satisfecerint,

143 2791 229 2854 haud
253 2791 313 2854 abs
330 2809 365 2854 re
390 2809 462 2854 esse
486 2796 562 2871 puto
580 2791 631 2856 hic
648 2791 808 2872 copiosius
833 2791 871 2856 de
896 2790 1072 2872 pleonasmi
1096 2796 1215 2856 natura
1239 2790 1415 2872 disputare.

705 3258 791 3348 Cap.
821 3259 851 3328 I.

148 3411 200 3484 De
233 3411 432 3509 pleonasmi
467 3414 618 3510 notione
649 3414 762 3512 qualis
794 3413 1006 3488 constituta
1036 3413 1085 3487 sir
1111 3442 1131 3486 a
1162 3413 1346 3489 veteribus
1377 3423 1416 3486 et

503 3537 765 3613 recentioribus
796 3537 1059 3634 grammaticis.

233 3851 441 3936 Pieouasmus
473 3854 547 3935 quid
578 3854 623 3921 sit
653 3856 727 3922 inde
758 3875 778 3921 a
805 3855 989 3944 veterrimis
1021 3854 1219 3936 temporibus
1248 3874 1346 3936 usque
1376 3856 1416 3922 ad

46 3956 51 3965 '
144 3964 285 4026 aetatem
309 3965 452 4026 nostram
477 3962 610 4028 multum
632 3961 664 4028 in
682 3962 783 4028 vicem
800 3962 1014 4044 disceptatum
1032 3967 1093 4026 est.
1129 3962 1174 4026 Ut
1190 3961 1416 4044 examinemus,

144 4084 204 4146 quo
234 4085 330 4131 sensu
354 4071 482 4133 veteres
506 4067 710 4150 grammatici
734 4075 768 4134 et
791 4069 938 4133 rhetores
962 4067 1180 4150 pleonasmum
1204 4066 1417 4150 perceperint,

144 4172 348 4238 definitiones
378 4193 485 4239 eorum
516 4193 736 4259 congeramus,
766 4175 813 4240 ita
842 4175 967 4256 quidem
999 4180 1036 4240 ut
1065 4173 1191 4239 initium
1218 4172 1417 4239 faciamusa

144 4277 290 4345 Graecis.

232 4403 459 4470 Alexander
482 4404 592 4470 rhetor
609 4404 733 4490 (Walu
750 4406 834 4471 rhet.
852 4405 970 4480 Graeci
988 4405 1067 4470 VIll
1084 4424 1113 4485 p.
1131 4404 1211 4492 469)
1228 4403 1417 4469 elocutionis

144 4509 255 4591 figuris
290 4510 441 4576 attribuit
476 4511 694 4606 pleonasmum
731 4531 863 4594 eumque
899 4512 1011 4582 definit
1045 4511 1174 4578 verbis:
1215 4509 1417 4592 Πλεονασμὸς

144 4606 172 4678 d'
189 4612 274 4680 ἐστὶν
297 4609 372 4682 ὅταν
395 4610 417 4703 ἢ
438 4625 483 4702 τῷ
498 4615 583 4702 λόγῳ
606 4621 831 4703 προςκείμενον
853 4615 965 4704 μόριον
989 4615 1022 4683 ἐκ
1040 4626 1096 4701 copi
1118 4626 1275 4704 περισσοῦ
1297 4616 1418 4698 κόσμου
