3374 5272
748 357 788 419 59

577 562 628 646 ώς
650 605 692 616 -
717 563 885 655 tfovepov
908 567 961 654 δή.

219 703 270 768 ΙΙΙ
287 710 326 768 51
346 696 388 779 ώς
409 703 441 766 δὲ·
465 711 557 766 τοῦτο
582 700 803 787 ἐξειργάσαντο
827 699 858 766 ἐν
882 693 1011 788 ἡμέραις
1028 693 1158 785 ὀλίγαις,
1183 697 1342 790 ὕστερον
1365 703 1405 790 δὴ

130 809 182 872 καί
208 807 239 872 ἐν
256 819 292 895 νη
308 808 392 894 νήσηι
409 821 512 890 τεῖχος
529 807 750 892 ἐγκαταλιπών
766 810 819 872 καὶ
838 795 987 895 φρουρὰν,
1010 800 1189 896 εἷνεχώρησε
1206 817 1252 894 uqi
1268 819 1403 896 στρατηῐ.

130 915 255 981 Niciam
275 922 342 982 tum
366 918 489 982 demum
512 936 581 982 cum
602 917 635 982 id
651 919 734 998 quod
751 917 898 983 voluerat
914 916 1097 998 peregisset
1113 915 1274 998 praesidio
1290 917 1404 982 relicto

130 1041 171 1086 ex
202 1022 308 1088 insula
337 1023 446 1088 Minoa
476 1023 509 1088 in
539 1041 633 1104 quam
664 1023 827 1105 profectus
860 1029 933 1088 erat
966 1042 1001 1088 se
1040 1023 1202 1104 recepisse
1237 1023 1405 1104 particulis

132 1123 261 1212 {insopor
285 1126 321 1214 δὴ
345 1129 561 1211 significatum
585 1135 646 1195 est.

616 1281 663 1364 ὡς
685 1328 729 1338 -
752 1287 844 1354 τότε
868 1289 921 1376 δη.

220 1439 266 1505 IV
292 1444 352 1505 127
377 1440 431 1502 καὶ
455 1433 498 1516 ώς
522 1431 631 1516 αὐτοῖς
654 1438 691 1503 o‘c'
708 1463 742 1504 τε
759 1438 907 1526 ἐκδρομαὶ
924 1435 988 1527 ὅπη
1004 1428 1239 1528 προςπίπτοιεν
1254 1433 1405 1528 ἀπήντων

130 1549 183 1611 καί
211 1540 317 1624 αὐτὸς·
333 1545 411 1629 έχων
441 1547 515 1624 τοὺς
541 1547 676 1632 λογάδας
704 1545 923 1638 ἐπικειμένώς
953 1541 1121 1636 ὑφίστατο,
1157 1557 1195 1634 τη
1230 1572 1264 1612 τε
1293 1547 1404 1634 πρώτη

131 1648 211 1740 ὁρμῇ
245 1654 332 1739 παρὰ
366 1653 491 1740 γνώμην
525 1647 720 1741 οἷντέστησαν
755 1656 808 1718 καὶ
844 1654 880 1721 τὸ
915 1655 1029 1722 λοιπὸν
1064 1653 1313 1742 ἐπιφερομένους
1347 1655 1405 1736 μέν

130 1762 291 1844 δεχόμενοι
321 1755 484 1848 ἠμύνοντο,
515 1755 732 1848 ἡσυχαζόντων
763 1762 796 1826 δὲ
824 1755 916 1827 αὐτοὶ
940 1756 1132 1848 ὑπεχώρουν,
1157 1760 1251 1826 τότε
1274 1761 1293 1824 δ
1300 1761 1318 1846 q
1342 1771 1405 1826 τών
1472 1839 1474 1849 Α

118 1867 210 1950 μετὰ
235 1878 290 1933 τοο
307 1867 464 1952 Βρασίδου
487 1862 639 1954 Ἑλλήνιον
664 1865 695 1932 ἐν
718 1878 756 1954 τῇ
772 1862 945 1956 εὐρυχωρίᾳ
970 1869 999 1934 oi
1024 1870 1137 1934 πολλοὶ
1156 1877 1216 1932 τών
1239 1866 1405 1953 βαρβαρων

130 1967 317 2055 ἀπέσχοντο.
364 1977 415 2041 Ea
433 1993 514 2057 quae
530 1975 655 2057 protasi
671 1975 810 2058 quinque
826 1977 1022 2057 praedicatis
1046 1976 1186 2041 formata
1201 1977 1405 2041 continentm·

131 2079 261 2162 praeter
284 2085 494 2149 barbarorum
507 2083 784 2166 exspectationem
800 2085 965 2166 eveniunt;
991 2084 1023 2149 hi
1047 2084 1130 2149 enim
1147 2083 1317 2148 Brasidam
1335 2103 1404 2148 cum

131 2190 395 2256 Lacedaemoniis
419 2191 560 2272 ipsorum
584 2203 718 2272 aspectu
741 2192 880 2258 terribili
911 2192 1023 2258 statim
1052 2211 1087 2257 se
1117 2195 1303 2271 recepturos
1332 2208 1404 2254 esse

131 2303 345 2377 speraverant
361 2304 394 2363 et
406 2299 494 2364 nulla
507 2318 542 2363 re
554 2317 633 2380 opus
647 2317 719 2364 esse
731 2299 956 2365 iudicaverant
967 2298 1030 2364 nisi
1042 2298 1214 2364 Brasidam
1227 2296 1403 2378 fugientem

130 2403 407 2488 comprehendere,
432 2407 487 2470 sed
504 2400 752 2471 Lacedaemonii
769 2407 848 2472 adeo
864 2425 928 2471 non
943 2405 1105 2488 fugerunt,
1122 2411 1158 2469 ut
1174 2408 1404 2486 persequentes

130 2507 306 2574 fortissime
323 2512 531 2594 sustinerent,
555 2511 665 2592 itaque
682 2512 829 2595 scriptor,
853 2517 890 2578 ut
905 2515 1062 2578 barbaros
1079 2516 1210 2593 praeter
1226 2509 1404 2591 opinionem

130 2621 258 2681 coactos
281 2635 354 2682 esse
374 2617 531 2683 desistere
556 2620 597 2683 ab
614 2619 760 2684 hostibus
784 2619 1013 2701 persequendis
1030 2619 1238 2700 significaret,
1262 2617 1294 2681 iu
1311 2616 1404 2682 initio

129 2723 278 2804 apodosis
302 2723 479 2805 particulas
503 2723 575 2788 τότε
599 2722 635 2809 δὴ
659 2745 722 2790 non
745 2726 855 2808 inepte
878 2726 994 2809 posuit.

354 2876 401 2959 ώς
428 2881 466 2930 ἕ-
492 2883 643 2971 τότεδὴ
667 2883 762 2948 κατὰ
787 2885 852 2950 τὸν
875 2885 1012 2972 καιρὸν
1035 2895 1180 2949 τουτον.

219 3034 253 3098 Π
277 3039 320 3099 84
344 3027 388 3110 ώς
410 3035 443 3124 δὲ
466 3033 503 3098 τό
526 3059 561 3099 τε
584 3045 710 3117 πνευμα
732 3035 842 3122 κατῄει
866 3037 920 3100 καὶ
943 3035 977 3099 αἱ
993 3043 1062 3122 νῆες
1079 3034 1110 3101 ἐν
1127 3028 1222 3121 ὀλίγην
1240 3030 1295 3122 ἤδη
1312 3024 1404 3100 οὖσαι

131 3131 186 3204 ὑπ’
209 3131 401 3227 εἷμφοτέρων
424 3150 480 3220 τοῦ
503 3165 537 3207 τε
560 3135 677 3224 σίνέμου
701 3152 764 3208 τιῦν
787 3167 822 3208 τε
845 3144 967 3208 πλοίων
990 3184 1033 3192 --
1059 3181 1100 3192 -—
1123 3143 1216 3208 τότε
1239 3143 1282 3230 δὴ
1303 3142 1402 3207 κατὰ

131 3245 195 3311 τὸν
227 3247 360 3333 καιρὸν
390 3257 533 3314 τοῦτον
556 3255 702 3336 σημαίνει
733 3251 815 3336 (scil.
842 3251 1019 3337 depredandi:
1051 3252 1236 3317 Particulae
1268 3249 1339 3314 τότε
1368 3249 1404 3335 δη

130 3373 213 3436 quae
243 3355 336 3437 quasi
367 3355 562 3438 explicatae?
580 3363 655 3423 sunt
685 3357 794 3424 verbis
827 3358 948 3424 additis
980 3355 1059 3421 κατὰ
1085 3355 1138 3420 τὸν
1161 3355 1270 3441 καιρὸν
1293 3365 1404 3420 τουτον
1492 3363 1499 3376 “

130 3481 188 3526 nos
217 3468 345 3527 monent
368 3483 388 3528 a
411 3463 602 3530 Phormione
632 3465 757 3546 signum
787 3465 901 3547 proelii
933 3485 989 3531 suo
1017 3471 1159 3547 tempore
1191 3466 1300 3530 datum
1332 3483 1403 3530 esse

130 3569 150 3633 i.
176 3588 202 3633 e.
229 3575 296 3634 tum
319 3589 388 3634 cum
405 3589 506 3636 naves
522 3570 824 3652 Peloponnesiorum
841 3577 938 3637 vento
954 3591 995 3636 ex
1011 3571 1083 3636 sinu
1099 3576 1168 3636 orto
1185 3570 1218 3635 in
1235 3570 1403 3652 angustias

129 3678 283 3742 redactae
315 3677 448 3759 ancipiti
480 3683 702 3759 premerentur
732 3678 883 3760 periculo.
935 3680 1092 3761 Apertum
1125 3685 1176 3743 est
1207 3679 1294 3742 inter
1322 3679 1405 3742 hanc

129 3783 293 3866 periodum
324 3789 357 3848 et
385 3783 431 3848 IV
465 3791 523 3848 127
557 3783 798 3870 similitudinem
830 3787 990 3867 quandam
1028 3786 1239 3866 intercedere,
1271 3803 1340 3849 cum
1372 3783 1407 3848 in

131 3897 267 3971 utraque
297 3888 370 3952 τότε
401 3888 436 3974 δη
466 3890 636 3972 particulis
670 3892 812 3973 protasis
843 3892 925 3957 satis
955 3911 1071 3974 magno
1104 3891 1240 3957 circuitu
1267 3891 1406 3955 formata

130 3997 418 4078 comprehendatur
448 4004 481 4062 et
509 4017 658 4080 magnum
688 3997 859 4073 discrimen
883 3998 1038 4081 temporis
1062 4003 1201 4080 notetur,
1225 3997 1274 4062 ita
1297 4003 1404 4062 tamen

131 4110 167 4169 ut
195 4102 300 4184 priore
328 4104 396 4168 loco
429 4105 551 4187 aliquid
582 4109 712 4187 praeter
736 4104 1019 4188 exspectationem,
1049 4105 1226 4187 posteriore
1258 4103 1291 4169 id
1322 4105 1404 4184 quod

106 4211 293 4292 „prouisum
317 4217 389 4275 erat
412 4211 481 4276 fieri
505 4211 714 4293 significetur.

565 4363 616 4445 ιδς
641 4409 679 4417 -
707 4368 896 4434 iuratori
920 4368 974 4455 δὴ.

221 4522 255 4586 ΙΙ
281 4527 321 4586 74
346 4513 390 4596 aig
413 4519 444 4584 δέ
469 4520 552 4605 (soil.
578 4519 667 4605 τώδε)
692 4513 911 4606 είπεκρίνανιό,
937 4519 1118 4586 ἐντευίίεν
1142 4519 1183 4605 δίη
1207 4529 1334 4606 πρώτον
1349 4519 1407 4601 μέν

137 4625 170 4702 ές
194 4624 425 4713 ἐπιμαρτυρίαν
448 4627 502 4691 καὶ
518 4627 673 4691 triturat
690 4621 801 4714 ἡρώιον
817 4638 879 4692 τών
896 4627 1054 4714 ἐγχισρίιον
1065 4620 1246 4714 Ἀρχίδαμος
1261 4625 1407 4710 βασιλεῖς
