3374 5272
886 345 927 412 62

802 437 1011 446 ι--,.

268 561 316 627 ita
346 549 504 638 implicati
536 561 619 640 sunt,
651 565 688 624 ut
718 579 788 624 cum
818 561 993 626 Corinthiis
1027 581 1139 628 manus
1170 569 1385 628 consererent.
1433 563 1546 645 Itaque

267 662 390 729 voculis
414 662 487 728 cors
510 662 546 749 δὴ
569 682 636 730 rem
659 683 775 748 magno
799 666 985 732 discrimine
1002 667 1072 732 fieri
1092 667 1294 751 significatur
1308 674 1342 734 et
1357 672 1544 736 vertendum

268 770 345 836 erit:
371 776 447 854 ⁴tum
471 772 555 836 vero’
580 770 648 837 sive
672 778 708 837 ut
735 775 906 840 vernaculo
931 793 1077 840 sermone
1106 782 1181 842 utar
1209 776 1260 858 ‘da
1289 794 1354 842 uun
1382 777 1544 842 vollends'.

268 877 315 942 IV
345 883 384 941 78
417 874 525 962 ἐπειδὴ
555 875 676 961 ἐγένετο
704 877 889 964 (Βρασίδας)
922 878 953 944 ἓν
983 873 1150 969 Ἡρακλείᾳ
1187 890 1225 969 ιχ]
1258 881 1290 947 ἐν
1324 891 1449 964 Τραχῖνι
1481 884 1544 961 καὶ,

269 988 523 1069 προπέμψαντος
560 976 658 1048 αὐτοῦ
694 979 827 1070 ἄγγελον
860 984 891 1066 ἐς
929 984 1095 1073 Φάρσαλον
1126 987 1214 1073 παρὰ
1245 987 1318 1065 τοὺς
1351 987 1547 1076 ἐπιτηδείοις

268 1082 432 1168 (ἷξιοῦνοος
463 1089 583 1176 decipere
613 1090 723 1159 ἑαυτὸν
752 1094 805 1156 καὶ
836 1093 890 1179 τὴν
922 1093 1084 1178 στρατιὰν,
1118 1084 1218 1181 ἦλθον
1250 1095 1282 1173 ἐς
1311 1097 1464 1162 Μελιτίαν
1492 1106 1548 1184 νῆις

267 1199 390 1280 Ἀχαΐας
420 1197 579 1284 Πείναιρὸς
607 1223 641 1262 σε
670 1200 723 1263 καὶ
756 1207 867 1284 Δῶρος
895 1201 950 1264 καὶ
971 1193 1195 1282 ζΙνινιολοχιίλας
1223 1204 1276 1266 καλ
1312 1202 1466 1288 rapotone
1492 1206 1544 1267 καὶ

271 1304 464 1392 Στρόφακος,
497 1304 647 1388 πρόξενος
674 1300 717 1370 ὢν
742 1307 934 1382 Χαλκιδέων,
967 1306 1056 1371 τότε
1089 1307 1129 1396 δὴ·
1158 1306 1337 1393 ἐπορεύετο.
1385 1311 1455 1376 Hoc
1477 1312 1546 1376 loco

270 1413 450 1497 particulae
473 1410 546 1476 τότε
569 1411 604 1496 δὴ
627 1433 757 1494 prorsus
781 1414 877 1480 aliam
902 1414 966 1479 vim
989 1416 1113 1482 habeut
1131 1436 1224 1497 quarn
1240 1417 1324 1483 149.
1360 1419 1442 1483 Nam
1459 1419 1546 1484 nulla

272 1521 337 1587 alia
368 1521 406 1586 de
437 1521 538 1584 'causa
566 1539 588 1584 a
615 1519 772 1602 scriptore
804 1521 930 1602 positae
957 1520 1108 1588 videntur
1136 1543 1208 1588 esse
1239 1523 1302 1588 nisi
1325 1531 1361 1588 ut
1390 1524 1545 1605 protasius

271 1627 391 1692 maiore
415 1625 550 1691 circuitu
574 1624 747 1694 formatam
773 1627 1052 1708 comprehendant.

697 1855 837 1944 ἐπειδή
864 1897 902 1906 -
928 1857 967 1923 ἓν
990 1859 1121 1945 τούτῳ.

250 2117 254 2125 ,
359 2053 425 2119 VII
450 2059 489 2119 23
516 2051 680 2139 ἐπειδὴδὲ
703 2052 742 2116 τὰ
767 2053 822 2119 δύο
846 2049 1211 2142 saepenominatam,
1237 2053 1415 2142 ἐντούτῳ
1439 2059 1489 2120 καὶ
1518 2057 1546 2122 οἱ

272 2159 461 2244 Συρακόσιοι
490 2157 656 2244 ἐτύγχανον
683 2154 739 2248 ἤδη
766 2159 933 2243 νικώμενοι
961 2164 1015 2242 καὶ
1040 2161 1069 2225 οἱ
1091 2159 1129 2240 ’ἐξ
1149 2155 1253 2227 αὐτῶν
1278 2162 1448 2249 φεύγοντες
1470 2165 1548 2250 ῥᾷον

272 2266 504 2351 παρέπλευσαν.
557 2268 608 2332 Ea
638 2286 719 2348 quae
751 2269 883 2350 apodosi
915 2269 1120 2335 continentur
1149 2272 1257 2336 eodem
1286 2276 1428 2352 tempore
1456 2270 1548 2336 facta

265 2392 354 2456 ¹esse,
379 2393 438 2454 quo
455 2393 590 2456 eaquae
611 2374 643 2438 in
667 2375 792 2456 protasi
816 2375 1002 2458 afferuntur,
1026 2375 1159 2443 vocibus
1184 2377 1216 2440 ἐν
1239 2375 1342 2460 τούνῳ
1359 2397 1548 2459 expressum

271 2486 322 2546 est
351 2480 506 2561 simulque
537 2486 634 2562 aptae
666 2486 741 2547 sunt
772 2481 886 2563 quibus
917 2483 1096 2564 explicetur
1127 2502 1181 2548 eos
1213 2483 1267 2564 qui
1299 2503 1339 2549 ex
1368 2483 1546 2550 minoribus

272 2587 417 2652 castellis
446 2587 552 2668 captis
585 2587 722 2672 fugiunt,
756 2587 885 2654 facilius
916 2589 1123 2670 praetervehi
1156 2585 1251 2672 posse
1281 2610 1373 2671 quam
1404 2590 1479 2656 illos
1506 2610 1547 2655 ex

272 2693 372 2774 primo
401 2694 536 2760 castello
560 2693 732 2787 fugientes,
763 2713 833 2760 cum
858 2695 1055 2776 Syracusani
1079 2695 1142 2761 iam
1167 2697 1245 2762 victi
1269 2689 1340 2783 (ἤδη
1364 2694 1547 2782 νικώμενοι.)

271 2818 385 2866 navem
410 2801 451 2865 ad
474 2801 726 2886 persequendum
749 2801 880 2866 mittere
903 2789 1124 2883 nonpossint.

557 3024 636 3108 ὅτε,
661 3022 785 3096 ὁπότε
809 3071 849 3078 -
874 3029 1185 3109 wrederen&
1209 3032 1262 3120 δή.

361 3227 378 3292 Ι
401 3232 442 3291 39
468 3223 521 3302 οὓς
544 3235 629 3314 χρῆν,
654 3219 707 3290 ὅτε
730 3217 971 3313 οἷσφαλέσιατοι
995 3215 1081 3314 ἦσαν,
1111 3226 1200 3292 τότε
1229 3232 1401 3312 αρνςιέναι,
1426 3229 1480 3292 καὶ
1503 3229 1550 3316 μὴ

273 3331 305 3398 ἐν
332 3322 357 3418 ᾧ
381 3325 472 3418 ἡμεῖς
498 3331 556 3414 μὲν
583 3324 773 3418 ἠδικήμεθα,
805 3322 891 3396 οὗτοι
921 3332 953 3397 δὲ
980 3331 1202 3398 κινόονεοόοσι.
1249 3335 1445 3401 Adverbium
1473 3334 1550 3399 τότε

254 3429 306 3505 'in
329 3439 424 3505 initio
441 3439 591 3520 apodosis
607 3439 745 3520 positum
761 3459 818 3505 nos
835 3440 963 3522 relegat
978 3441 1019 3506 ad
1036 3440 1288 3506 coniunctionem
1305 3442 1550 3507 antecedentem

272 3541 333 3624 ὅτε,
364 3547 413 3612 ita
439 3551 476 3612 ut
504 3546 619 3613 vocula
649 3545 721 3610 τότε
749 3547 891 3612 naturali
915 3548 1050 3628 quodam
1073 3548 1164 3613 modo
1188 3547 1368 3613 enuntiatio
1393 3548 1550 3630 primaria

271 3660 303 3720 et
328 3652 520 3720 secundaria
542 3652 628 3718 inter
652 3673 686 3719 se
702 3651 880 3720 nectantur
895 3659 929 3718 et
945 3673 984 3718 ea
1000 3673 1080 3734 quae
1097 3655 1220 3735 protasi
1237 3655 1414 3720 afferuntur
1429 3675 1551 3738 magna

272 3780 341 3827 cum
365 3759 399 3826 vi
422 3760 741 3843 comprehendantur,
765 3759 798 3825 id
820 3762 901 3841 quod
924 3778 983 3838 nos
1007 3761 1162 3826 vertimus
1179 3761 1314 3844 ‘damals
1331 3761 1401 3827 als'
1423 3761 1550 3827 ‘Simile

272 3866 392 3948 aliquid
406 3868 614 3932 statuendum
623 3872 675 3945 est
686 3866 718 3932 in
732 3867 808 3933 libri
821 3867 903 3932 VIII
915 3885 984 3949 cap.
998 3871 1038 3931 53
1053 3858 1151 3931 icore
1163 3865 1196 3931 di
1208 3865 1251 3951 μὴ
1265 3871 1405 3952 ραίηοαν
1421 3864 1550 3952 ἐρωτώ-

271 3997 371 4054 μενοι,
402 3969 572 4037 iocosae
600 3972 642 4058 δὴ
669 3981 784 4060 σοφῶς
807 3971 910 4058 ἐ’λεχεν
940 3965 1058 4049 αὐτοῖς.
1106 3974 1188 4056 Quid
1219 3973 1357 4054 scriptor
1380 3974 1551 4063 particulis

273 4077 414 4145 ἐνταῦθα
445 4077 481 4167 op
510 4079 694 4162 significare
723 4065 818 4164 uelit,
852 4100 1003 4147 conexum
1036 4081 1269 4146 sententIarum
1300 4081 1550 4161 respicientibus

273 4187 474 4270 perspicuum
497 4187 542 4252 fit.
590 4187 709 4270 Legati
730 4187 975 4253 Atheniensium
993 4206 1039 4252 ex
1062 4186 1168 4252 insula
1185 4187 1280 4253 Samo
1305 4206 1374 4252 cum
1391 4186 1552 4254 Pisandro

272 4295 419 4359 Athenas
450 4293 540 4360 missi
572 4312 642 4358 cum
673 4293 707 4358 in
735 4296 845 4359 urbem
874 4293 1050 4375 venissent,
1084 4293 1168 4373 apud
1198 4293 1345 4373 populum
1370 4291 1552 4358 concionati

273 4407 368 4466 sunt·
405 4401 545 4466 Maxime
574 4419 681 4464 eorum
711 4401 870 4465 intererat
894 4401 1115 4464 demonstrare
1140 4399 1311 4464 clvitatem
1331 4401 1506 4480 periculum
1530 4418 1553 4465 a

272 4507 514 4589 Peloponnesiis
531 4506 699 4572 imminens
725 4506 884 4587 depellere
901 4525 962 4570 nou
980 4525 1082 4588 posse,
1108 4505 1170 4570 nisi
1187 4525 1244 4570 rex
1261 4511 1295 4570 et
1312 4503 1552 4586 Tissaphernes

273 4613 351 4681 socii
379 4612 628 4679 conciliarentur
656 4619 689 4676 et
713 4613 897 4678 Alcibiades
926 4613 959 4676 iu
983 4612 1122 4693 patriam
1146 4611 1384 4677 restitueretur.
1429 4611 1497 4676 'Sed
1520 4611 1552 4675 ei
