3374 5272
788 324 998 418 mm—

703 533 821 600 ἐπιόν
847 573 885 582 -
910 533 997 599 τότε
1022 521 1081 598 τόν.

343 716 475 782 Duobus
503 714 581 778 locis
610 711 683 776 τότε
707 713 887 795 particulae
911 701 954 777 τόν
979 713 1091 781 vocula
1114 711 1148 776 in
1175 710 1268 776 initio
1300 711 1449 792 apodosis
1473 719 1528 794 ap-

255 821 363 903 posita
387 824 452 886 est:
1456 808 1459 816 ’

299 936 315 1000 Ι
342 941 402 1000 182
427 935 481 997 καὶ
508 933 588 998 κατά
620 957 681 1018 περ
713 932 744 998 ἐν
772 911 950 1020 ΙΙατόροισι
981 943 1037 1021 τῆς
1065 938 1184 1020 Λυκίης
1216 926 1234 1018 ἡ
1264 931 1442 1017 πρόμαντις
1473 943 1529 997 τοῦ

387 1046 478 1119 θεοῦ,
504 1037 601 1104 ἐπεὰν
624 1044 766 1126 γένηται·
807 1032 843 1104 οὗ
866 1039 927 1125 γὰρ
951 1028 994 1104 τόν
1018 1039 1082 1104 atet
1106 1038 1174 1104 ἐστι
1189 1028 1375 1126 χρηστήριον
1392 1031 1528 1104 αότόῦι·

331 1155 333 1159 ’
388 1145 485 1211 ἐπεὰν
508 1145 541 1210 dt
563 1151 699 1233 γένηται,
730 1145 816 1211 τότε
845 1135 893 1211 ιῦν
921 1147 1203 1234 συγκατακληΐεται
1234 1145 1292 1224 τὰς
1321 1144 1435 1222 νόκτας
1465 1145 1529 1211 ἔσω

388 1251 419 1317 ἐν
442 1261 480 1339 τῇ
504 1262 567 1339 appi
1387 1255 1388 1262 ’

299 1361 332 1426 Il
360 1365 420 1425 132
446 1357 613 1446 ἐκφέρεται
642 1359 674 1423 δὲ
703 1358 736 1424 ἐκ
767 1369 824 1424 τοῦ
852 1359 1022 1445 οἰκήματος
1045 1352 1105 1424 α’νό
1130 1358 1237 1425 πάντα
1260 1359 1299 1423 τό
1325 1357 1406 1437 ἔτεα,
1432 1357 1529 1424 ἐπεὰν

387 1465 571 1531 τύπτωνται
607 1465 636 1530 οἱ
670 1466 848 1551 Αἰγύπτιοι
883 1465 937 1532 τόν
978 1460 1032 1532 οῦκ
1069 1459 1317 1549 οόνομαζόμενον
1354 1466 1432 1532 θεὸν
1472 1460 1529 1531 ὑπ’

388 1571 461 1656 ἐμεῦ
486 1571 541 1638 ἐπὶ
564 1572 699 1662 τοιοότφ
723 1573 896 1659 πρήγματι,
921 1572 1015 1639 τότε
1040 1563 1088 1639 ιόν
1112 1575 1165 1638 καὶ
1189 1573 1340 1661 elopem
1357 1572 1528 1662 ἐκφέρουσι

388 1679 420 1757 ἐς
443 1679 479 1745 τό
504 1688 584 1767 φιῦς.

344 1797 456 1864 Priore
486 1797 555 1863 loco
587 1795 617 1882 (l
651 1797 727 1882 lea)
759 1786 801 1862 ὦν
832 1799 946 1864 vocula
978 1798 1049 1863 ideo
1080 1818 1100 1862 a
1133 1799 1290 1880 scriptore
1319 1798 1425 1880 posita
1456 1815 1531 1863 esse

255 1901 393 1987 videtur,¹
418 1909 454 1969 ut
477 1922 616 1972 conexus
640 1904 873 1970 sententiarum
898 1903 1086 1986 parenthesi
1109 1904 1309 1985 interruptus
1326 1903 1531 1988 restituatur,

258 2010 361 2076 altero
395 2011 464 2076 loco
499 2010 548 2096 (ll
580 2010 656 2095 132)
691 2012 845 2093 explicari
883 2017 992 2095 potest
1026 2010 1181 2093 peculiari
1219 2011 1376 2076 Herodoti
1411 2029 1533 2092 genere

256 2117 398 2183 dicendi:
422 2117 600 2182 enuntiatio
625 2117 779 2198 primaria
808 2115 974 2204 ἐκφέρεται
1004 2117 1068 2180 κτλ.
1094 2116 1314 2182 enuntiatione
1338 2116 1533 2183 secundaria

258 2242 385 2290 annexa
408 2223 567 2306 repetitur
590 2224 664 2289 aliis
687 2225 805 2291 verbis.

629 2499 632 2506 ,
690 2453 815 2520 ἐπεάν
837 2495 882 2502 -
906 2454 1116 2522 ἐνθαῦτα,
1201 2459 1203 2466 ’

346 2652 379 2717 ΙΙ
404 2658 444 2716 68
461 2626 568 2716 Ιἐπιόν
596 2649 657 2737 γὰρ
686 2650 717 2726 ἐς
745 2649 800 2736 τὴν
827 2659 883 2736 γῆν
913 2647 985 2736 ἐκβῇ
1014 2648 1047 2714 ἐκ
1075 2659 1130 2714 τοῦ
1161 2645 1272 2726 όόατος
1296 2643 1312 2712 ό
1335 2647 1536 2734 κροκόδειλος

187 2810 189 2813 s
257 2759 309 2821 καλ
334 2755 459 2822 ἔπειτεν
480 2758 558 2844 χόνρ
575 2755 677 2844 (ὲίοῦε
692 2756 753 2842 γὰρ
768 2766 863 2820 τοῦτο
880 2749 923 2833 dg
940 2756 1060 2822 ἐκτίνοιεν
1076 2761 1198 2821 ποιέειν
1215 2755 1295 2842 πρὸς
1311 2755 1365 2822 τόν
1381 2754 1532 2842 ζέφιρον)

258 2862 432 2928 ἐνθαῦτα
464 2857 480 2927 ό
515 2863 658 2950 τρόχιλος
693 2862 824 2940 {rdiam
857 2861 888 2940 ἐς
930 2861 967 2928 τό
1001 2862 1105 2945 στόμα
1138 2856 1235 2928 αότοῦ
1270 2867 1439 2929 καταπίνει
1472 2859 1534 2937 τὰς

256 2971 393 3054 βδέλλας.
439 2971 637 3038 Aduerbium
661 2969 802 3035 icioma
824 2968 975 3036 in'initio
1000 2971 1149 3052 apodosis
1166 2971 1303 3052 positum
1320 2970 1403 3036 idem
1420 2970 1532 3035 valere

257 3078 385 3146 videtur
408 3083 506 3162 atque
521 3073 593 3162 ,illo
617 3079 770 3160 temporis
794 3079 970 3143 momento’.
1188 3066 1191 3071 ’

656 3305 779 3374 ἐπιόν
802 3348 845 3356 -
869 3308 909 3372 τό
934 3307 1137 3373 ἐνθεῦτεν.

302 3508 318 3573 Ι
343 3513 361 3572 9
386 3503 483 3570 ἐπεὰν
507 3505 540 3580 όὲ
560 3504 640 3569 κατὰ
662 3504 763 3570 νιότον
780 3529 814 3569 τε
830 3496 926 3591 αὐτῆς
943 3509 1024 3590 μένῃ,
1051 3505 1102 3568 σοὶ
1118 3505 1239 3586 μελέτω
1264 3503 1305 3569 τό
1331 3502 1529 3580 ἐνθεῦτεν,

390 3607 471 3690 όκαις
492 3611 536 3697 μή
560 3633 596 3676 σε
620 3606 738 3698 όψεται
762 3610 851 3676 ι’όντα
874 3610 925 3676 διό
949 3617 1076 3696 θυρέων

302 3731 353 3796 ΙΙΙ
378 3737 418 3796 98
443 3725 541 3793 ἐπεὰν
569 3727 602 3793 ἐκ
633 3737 689 3792 τοῦ
717 3737 864 3809 ποταμοῦ
894 3729 993 3814 φλοῦν
1020 3720 1208 3814 οἷμήοιιινται
1236 3728 1289 3791 καὶ
1317 3725 1458 3811 κόψαντα·
1486 3724 1531 3788 τό

391 3834 580 3902 ἐνθεῦτεν
598 3844 722 3924 φορμοῦ
738 3835 857 3921 τρόπον
873 3835 1125 3912 καταπλέξαντες
1142 3827 1184 3911 ὡς
1206 3833 1340 3920 ῦιόρρκα
1363 3831 1528 3896 ἐνδύνοιοι.

333 3949 543 4019 'Adverbium
568 3951 726 4030 ἐνθεῦτεν,
750 3951 802 4018 cui
826 3950 955 4034 saepius
979 3951 1137 4018 articulus
1161 3951 1300 4034 additur,
1316 3941 1451 4032 ¹proprie
1466 3948 1530 4016 vim

258 4061 357 4124 habet
379 4059 523 4143 localem,
546 4078 771 4141 nonnunquam
794 4058 941 4141 inprimis
965 4059 999 4124 in
1021 4058 1114 4124 initio
1138 4057 1298 4141 apodosis,
1321 4058 1390 4122 utI
1414 4063 1443 4140 9,
1466 4055 1530 4123 uim

258 4165 476 4250 temporalem,
505 4165 553 4232 ita
587 4172 623 4240 ut
656 4168 852 4249 respondeat
875 4165 1029 4233 adverbio
1063 4166 1165 4230 latino
1201 4165 1291 4248 ,hinc’
1322 4170 1355 4230 et
1385 4164 1418 4229 id
1449 4164 1532 4245 quod

259 4273 399 4354 quadrat
420 4271 455 4337 in
477 4274 580 4339 locum
608 4273 624 4338 Ι
648 4280 667 4338 9
692 4273 913 4340 subaudienda
944 4272 1061 4338 sitris
1091 4291 1186 4355 qnam
1216 4272 1316 4336 habet
1345 4270 1530 4354 ,coni'estim’

259 4379 454 4445 adverbium.
505 4380 551 4446 At
580 4381 632 4448 III
664 4386 705 4445 98
736 4378 772 4443 τὸ
797 4377 947 4444 ἐνθεῦτεν
978 4379 1166 4446 adverbium
1200 4397 1332 4460 prorsus
1368 4379 1531 4442 abundare

258 4484 400 4566 nihilque
424 4486 511 4553 aliud
534 4487 598 4554 nisi
621 4487 747 4553 initium
770 4486 920 4568 apodosis
943 4493 1058 4552 notare
1082 4492 1115 4551 et
1138 4485 1171 4550 id
1195 4486 1279 4568 quod
1301 4503 1359 4566 per
1383 4493 1418 4550 se
1441 4489 1533 4565 patet

260 4591 442 4684 significare
466 4593 594 4664 videtur
618 4614 657 4662 ea
681 4612 762 4680 quac
785 4592 910 4677 protasi
934 4593 1110 4662 afferuntur
1133 4592 1324 4660 antecedere
1347 4589 1488 4676 apodosi.
