3374 5272
667 352 791 444 ,11

134 561 212 645 egit,
236 565 273 626 ut
297 575 474 627 sermonem
498 519 589 626 sirum
608 559 670 643 rei,
695 580 789 643 quam
814 561 927 644 quovis
947 561 1016 626 loco
1032 563 1209 643 tractabat,
1232 577 1408 626 accommo-

134 672 244 750 daret;
267 687 373 750 ,quare
398 669 508 736 Cicero
541 673 610 734 iure
639 669 718 734 dicit
728 669 752 754 ¹)
777 668 996 750 Thucydidem
1028 666 1245 736 incitatiorem
1273 667 1359 746 ferri
1375 675 1409 733 et
1458 715 1462 724 ,

135 779 174 843 de
201 777 327 842 bellicis
358 780 455 843 rebus
485 797 600 844 canere
625 778 853 858 quodammodo
877 775 1037 859 bellicum,
1062 782 1175 841 contra
1199 795 1273 841 raro
1298 775 1408 842 suavis

135 890 168 949 et
192 883 294 950 dulcis
319 891 390 967 ost,
404 890 440 949 ut
463 885 496 949 in
519 883 707 951 narratione
731 883 862 966 cylonis
887 881 1119 968 proditionisl).

223 1029 269 1094 Ut
292 1028 390 1093 etiam
414 1028 540 1109 planius
566 1026 743 1093 diiudicare
767 1028 935 1110 possimus,
960 1027 1036 1109 quid
1053 1025 1250 1108 Thucydidis
1270 1027 1409 1104 orationi

135 1133 297 1216 peculiare
322 1135 374 1217 sit,
399 1135 474 1216 quid
498 1137 539 1200 ab
556 1135 631 1200 aliis
648 1126 907 1219 acceperitiam
924 1137 1113 1200 accedamus
1130 1136 1171 1200 ad
1188 1136 1409 1218 quaestionem

134 1243 222 1307 illam
257 1242 332 1308 inde
369 1262 388 1306 a
423 1242 606 1306 veterrimis
642 1243 839 1323 temporibus
855 1231 856 1237 ἵ
875 1250 975 1324 usque
1010 1244 1052 1308 ad
1087 1245 1229 1308 aetatem
1264 1249 1409 1309 nostram

134 1349 359 1432 disceptatum,
396 1355 554 1429 quatenus
587 1349 792 1430 Thucydides
828 1349 936 1414 indole
973 1369 1031 1414 sua
1063 1354 1162 1431 atque
1190 1356 1310 1417 natura
1339 1352 1409 1434 ipse

134 1457 312 1522 orationem
342 1475 432 1522 suam
462 1456 661 1539 formaverit,
691 1462 849 1538 quatenus
873 1477 913 1522 ex
937 1457 1149 1538 scriptoribus
1174 1457 1263 1523 illius
1288 1460 1409 1524 aetatis

134 1566 284 1645 pendeat.
874 1610 889 1655 ³:
946 1559 1011 1634 ’.Ὗ

222 1708 275 1772 Ex
299 1707 418 1791 multis,
443 1726 525 1790 quae
543 1708 771 1789 Thucydideae
788 1708 977 1776 elocutionis
998 1708 1130 1790 propria
1146 1713 1180 1773 et
1195 1710 1286 1790 modo
1303 1682 1410 1775 obiter

134 1819 381 1882 commemorata
397 1820 481 1897 srmt,
506 1835 609 1896 pauca
622 1815 805 1881 accuratius
818 1815 934 1880 afferre
946 1815 1025 1880 mihi
1037 1815 1144 1882 liceat.
1174 1813 1288 1880 Studio
1305 1816 1409 1882 brevi-

134 1921 216 1986 tatis
252 1923 408 1988 adductus
445 1920 650 2002 Thucydides
686 1922 876 2003 saepissime
912 1921 1048 1987 omnium
1084 1924 1255 1989 verborum
1289 1941 1410 2004 genera

136 2029 271 2094 articulo
288 2029 436 2110 apposito
452 2028 485 2094 vi
502 2029 778 2098 substantivorum
794 2028 908 2094 induit.
948 2029 1089 2096 Maxime
1106 2033 1213 2094 autem
1226 2029 1411 2112 'participiis

135 2137 199 2203 vim
229 2135 506 2202 substantivorum
538 2135 700 2218 attribuit,
728 2123 765 2200 ut
792 2141 896 2201 totam
925 2136 1122 2202 sententiam
1146 2156 1208 2202 uno
1232 2137 1411 2217 exprimere

136 2250 247 2328 posset
269 2244 378 2328 verbo.
427 2244 633 2326 Quantopere
649 2242 823 2324 participia
840 2231 1051 2327 adamaverit,
1076 2244 1150 2309 inde
1167 2262 1291 2326 quoque
1307 2246 1412 2311 elucet

137 2353 218 2434 quod
242 2353 341 2418 multo
371 2350 500 2432 saepius
531 2368 625 2430 quam
656 2349 713 2414 alii
737 2349 913 2432 scriptores
937 2350 1113 2416 masculino
1137 2370 1255 2434 genere
1278 2351 1410 2433 partici-

135 2459 256 2540 piorum
290 2479 366 2524 usus
396 2463 461 2539 est3
499 2457 635 2540 legimus
670 2459 754 2538 apud
782 2476 852 2522 eum
885 2456 914 2521 ol
945 2457 1087 2540 λέγοντες
1116 2478 1174 2540 pro
1203 2457 1234 2522 oi
1268 2457 1408 2546 ῥήτορες,

137 2564 166 2628 oi
191 2563 222 2630 ἐν
246 2566 329 2630 τέλει
354 2558 441 2641 ὄντες
469 2585 526 2646 pro
551 2563 581 2627 oi
605 2565 780 2646 p'ovhevcui,
811 2562 840 2628 oi
865 2555 1021 2645 δεδεμένοι
1045 2585 1102 2646 pro
1128 2563 1157 2628 oi
1182 2563 1353 2646 deoperitur,
1381 2565 1409 2630 oi
1503 2562 1509 2570 ¹

138 2671 383 2758 στρατευόμενοι
411 2693 472 2754 pro.
498 2671 526 2735 oi
556 2679 776 2761 σιριιιιιῦιιιι.Ἰ
810 2673 877 2737 Nec
900 2672 1003 2738 minor
1026 2678 1077 2738 est
1100 2691 1250 2756 numerus
1275 2673 1410 2739 adiecti·
1484 2715 1486 2726 ·

136 2801 256 2860 vorum,
291 2800 373 2862 quae
403 2801 424 2847 a
452 2781 639 2862 Thucydide
670 2780 944 2847 substantivorum
981 2779 1015 2845 iu
1046 2781 1171 2846 modum
1203 2787 1409 2862 usurpantur.

136 2888 287 2970 Inprimis
312 2892 558 2954 autemnotatu
582 2887 713 2969 dignum
737 2892 788 2952 est
812 2907 883 2952 eum
907 2887 1097 2970 saepissime
1120 2906 1177 2969 pro
1195 2888 1411 2954 substantivis

138 3014 220 3076 quae
244 2999 401 3076 vocantur
425 2997 594 3060 abstracta
618 2993 791 3084 participia
816 2993 885 3059 sive
909 2993 1072 3060 adiectiva
1097 2993 1293 3077 adhibuisse,
1317 3014 1344 3059 e.
1362 3015 1410 3078 gr.

138 3100 174 3164 ιδ
202 3100 310 3187 δεδιὸς,
334 3100 379 3166 ’τὸ
404 3099 549 3188 φοβερόν,
580 3099 616 3165 τὸ
644 3100 787 3183 ιιεριδεές
814 3119 871 3183 pro
897 3098 997 3186 φόβος
1020 3101 1073 3167 vel
1097 3099 1175 3177 δέος,
1207 3098 1243 3184 ιδ
1267 3106 1412 3184 θαρσοῦν

136 3227 195 3292 pro
212 3207 352 3300 θάρσος,
378 3207 414 3274 τὸ
439 3201 623 3294 ἐπίφθονον
646 3227 703 3291 pro
729 3205 893 3294 1119111113).

228 3351 350 3416 Multas
375 3335 565 3416 elocutionis
588 3351 709 3432 figuras
734 3352 819 3433 apud
843 3351 1062 3432 Thucydidem
1085 3350 1232 3434 inprimis
1256 3351 1288 3416 in
1313 3351 1412 3416 orati-

138 3457 253 3524 onibus
277 3457 416 3525 inveniri
439 3457 598 3524 neminem
616 3459 670 3540 qni
693 3459 793 3524 libros
810 3458 879 3526 eius
895 3458 1072 3545 perlegerit
1087 3457 1228 3540 effugiet.
1276 3459 1414 3524 Constat

138 3565 225 3632 iuter
249 3585 359 3631 omnes
376 3565 596 3648 Thucydidem
620 3565 853 3631 antithetorum
877 3565 1133 3631 amantissimum
1157 3565 1257 3632 fuisse
1281 3566 1361 3630 adeo
1377 3572 1414 3640 ut

139 3673 269 3755 saepius
292 3673 448 3756 opposita
482 3675 625 3738 membra
654 3672 876 3756 usurpaverit,
912 3673 1009 3738 etiam
1041 3679 1107 3738 tum
1139 3691 1208 3737 cum
1241 3671 1412 3737 antithetis

137 3778 254 3860 positis
279 3779 417 3845 sermoni
442 3780 660 3845 offunderetur
676 3780 858 3844 obscuritas
875 3780 927 3844 vel
944 3780 1158 3845 anacoluthon
1176 3777 1411 3843 admitteretur.

138 3885 229 3951 Solet
258 3892 365 3952 autem
390 3887 594 3967 Thucydides
624 3905 693 3951 eum
724 3888 764 3951 ad
795 3888 889 3950 finem
918 3887 1082 3951 auhtheta
1111 3885 1262 3966 deligere,
1291 3889 1412 3949 utnon

138 4049 351 4056 -—-—-—--—---

201 4139 207 4218 f
228 4153 248 4220 ¹)
268 4153 368 4206 Orator
387 4154 429 4205 39.

227 4259 248 4326 2)
268 4259 356 4314 Schol.
370 4258 431 4312 adI
451 4259 699 4325 machedonis
719 4258 838 4327 proditio
858 4263 995 4323 narratur,
1014 4258 1144 4311 adnotat:
1170 4261 1225 4310 Τοῦ
1244 4254 1413 4328 διηγήματος

140 4358 188 4404 τοῦ
207 4346 276 4403 κατὰ
297 4346 343 4402 τὸν
361 4350 392 4401 K
394 4343 480 4401 iliona
502 4345 549 4419 τὴν
564 4343 720 4419 στιφιζνι-ιιὶν
742 4369 814 4407 τινες
828 4343 1025 4422 ‚secunduma-9
1039 4346 1124 4411 εἶπον,
1145 4341 1186 4400 ὅτι
1201 4348 1269 4401 λέων
1283 4345 1414 4417 ἐγέλασεν

140 4439 271 4502 ἐνταῦθα,
292 4442 421 4509 deportes
440 4441 506 4509 περὶ
529 4436 720 4492 Θουκυδῖδου.,

227 4546 250 4615 3)
269 4526 302 4600 cl.
316 4561 385 4613 quae
397 4545 449 4598 hac
462 4545 494 4598 de
508 4545 675 4612 proprietate
694 4544 897 4598 accuratissime
911 4544 1036 4613 exposuit
1048 4544 1088 4596 Ni
1099 4543 1212 4608 etzhi,
1233 4542 1266 4595 de
1279 4539 1413 4606 Thucydi-

139 4634 204 4689 deae
223 4634 384 4720 elocutionis
402 4633 571 4702 proprietate
592 4633 715 4699 quadam,
735 4633 797 4686 diss.
817 4632 924 4701 Regim.
946 4633 1023 4688 1881.

1254 4723 1270 4771 2
