<?xml version="1.0" encoding="UTF-8"?>
<!DOCTYPE html PUBLIC "-//W3C//DTD XHTML 1.0 Transitional//EN"
    "http://www.w3.org/TR/xhtml1/DTD/xhtml1-transitional.dtd">
<html xmlns="http://www.w3.org/1999/xhtml" xml:lang="en" lang="en">
 <head>
  <title>
</title>
<meta http-equiv="Content-Type" content="text/html;charset=utf-8" />
  <meta name='ocr-system' content='tesseract 3.04.00' />
  <meta name='ocr-capabilities' content='ocr_page ocr_carea ocr_par ocr_line ocrx_word'/>
</head>
<body>
  <div class='ocr_page' id='page_1' title='image "./deabundantigene00amrhgoog_0041.png"; bbox 0 0 3374 5272; ppageno 0'>
   <div class='ocr_carea' id='block_1_1' title="bbox 809 375 1018 470">
    <p class='ocr_par' dir='ltr' id='par_1_1' title="bbox 809 375 1018 470">
     <span class='ocr_line' id='line_1_1' title="bbox 809 375 1018 470; baseline -0.01 0"><span class='ocrx_word' id='word_1_1' title='bbox 809 375 1018 470; x_wconf 45' lang='lat' dir='ltr'>ji---</span> 
     </span>
    </p>
   </div>
   <div class='ocr_carea' id='block_1_2' title="bbox 266 580 1548 976">
    <p class='ocr_par' dir='ltr' id='par_1_2' title="bbox 266 580 1548 976">
     <span class='ocr_line' id='line_1_2' title="bbox 277 580 1548 672; baseline -0.005 -17"><span class='ocrx_word' id='word_1_2' title='bbox 277 583 478 672; x_wconf 82' lang='lat' dir='ltr'>Amphipolis</span> <span class='ocrx_word' id='word_1_3' title='bbox 524 583 668 652; x_wconf 86' lang='lat' dir='ltr'>cclcniae</span> <span class='ocrx_word' id='word_1_4' title='bbox 707 584 845 652; x_wconf 85' lang='lat' dir='ltr'>historia</span> <span class='ocrx_word' id='word_1_5' title='bbox 879 585 1024 652; x_wconf 87' lang='lat' dir='ltr'>breviter</span> <span class='ocrx_word' id='word_1_6' title='bbox 1058 586 1208 668; x_wconf 77' lang='lat' dir='ltr'>exposuit</span> <span class='ocrx_word' id='word_1_7' title='bbox 1221 580 1225 606; x_wconf 78' lang='lat'>²</span> <span class='ocrx_word' id='word_1_8' title='bbox 1246 583 1374 652; x_wconf 85' lang='lat' dir='ltr'>emissis</span> <span class='ocrx_word' id='word_1_9' title='bbox 1410 585 1451 652; x_wconf 89' lang='lat' dir='ltr'>ad</span> <span class='ocrx_word' id='word_1_10' title='bbox 1484 603 1548 651; x_wconf 87' lang='lat' dir='ltr'>rem</span> 
     </span>
     <span class='ocr_line' id='line_1_3' title="bbox 277 693 1547 780; baseline -0.003 -19"><span class='ocrx_word' id='word_1_11' title='bbox 277 695 474 780; x_wconf 81' lang='lat' dir='ltr'>propositam</span> <span class='ocrx_word' id='word_1_12' title='bbox 504 694 570 759; x_wconf 83' lang='lat' dir='ltr'>illis</span> <span class='ocrx_word' id='word_1_13' title='bbox 599 693 680 776; x_wconf 86' lang='lat' dir='ltr'>ipsis</span> <span class='ocrx_word' id='word_1_14' title='bbox 713 693 820 758; x_wconf 89' lang='lat' dir='ltr'>verbis</span> <span class='ocrx_word' id='word_1_15' title='bbox 853 693 990 759; x_wconf 78' lang='lat' dir='ltr'>dilucide</span> <span class='ocrx_word' id='word_1_16' title='bbox 1013 693 1135 760; x_wconf 80' lang='lat' dir='ltr'>rediret</span> <span class='ocrx_word' id='word_1_17' title='bbox 1159 694 1316 774; x_wconf 85' lang='lat' dir='ltr'>simulque¹</span> <span class='ocrx_word' id='word_1_18' title='bbox 1342 694 1444 760; x_wconf 88' lang='lat' dir='ltr'>lccnm</span> <span class='ocrx_word' id='word_1_19' title='bbox 1468 693 1547 758; x_wconf 89' lang='lat' dir='ltr'>umle</span> 
     </span>
     <span class='ocr_line' id='line_1_4' title="bbox 266 800 1547 884; baseline 0 -19"><span class='ocrx_word' id='word_1_20' title='bbox 266 800 434 868; x_wconf 75' lang='lat' dir='ltr'>,Brasi&#39;das</span> <span class='ocrx_word' id='word_1_21' title='bbox 458 801 621 884; x_wconf 81' lang='lat' dir='ltr'>profectus</span> <span class='ocrx_word' id='word_1_22' title='bbox 646 805 706 882; x_wconf 82' lang='lat' dir='ltr'>est,</span> <span class='ocrx_word' id='word_1_23' title='bbox 732 800 799 866; x_wconf 90' lang='lat' dir='ltr'>scil.</span> <span class='ocrx_word' id='word_1_24' title='bbox 819 802 926 866; x_wconf 82' lang='lat' dir='ltr'>Arnas</span> <span class='ocrx_word' id='word_1_25' title='bbox 952 803 1060 866; x_wconf 86' lang='lat' dir='ltr'>urbem</span> <span class='ocrx_word' id='word_1_26' title='bbox 1081 800 1113 865; x_wconf 92' lang='lat' dir='ltr'>in</span> <span class='ocrx_word' id='word_1_27' title='bbox 1138 821 1217 883; x_wconf 84' lang='lat' dir='ltr'>agne</span> <span class='ocrx_word' id='word_1_28' title='bbox 1233 800 1439 868; x_wconf 79' lang='lat' dir='ltr'>Chalcidensi</span> <span class='ocrx_word' id='word_1_29' title='bbox 1455 801 1547 866; x_wconf 88' lang='lat' dir='ltr'>sitam</span> 
     </span>
     <span class='ocr_line' id='line_1_5' title="bbox 278 910 422 976; baseline -0.014 0"><span class='ocrx_word' id='word_1_30' title='bbox 278 910 422 976; x_wconf 81' lang='lat' dir='ltr'>adderet.</span> 
     </span>
    </p>
   </div>
   <div class='ocr_carea' id='block_1_3' title="bbox 247 1013 1559 3697">
    <p class='ocr_par' dir='ltr' id='par_1_3' title="bbox 247 1013 1552 1860">
     <span class='ocr_line' id='line_1_6' title="bbox 299 1013 1548 1108; baseline 0.001 -20"><span class='ocrx_word' id='word_1_31' title='bbox 299 1013 301 1018; x_wconf 69' lang='grc'><strong>’</strong></span> <span class='ocrx_word' id='word_1_32' title='bbox 367 1025 457 1108; x_wconf 80' lang='lat' dir='ltr'>Quod</span> <span class='ocrx_word' id='word_1_33' title='bbox 481 1043 579 1107; x_wconf 86' lang='lat' dir='ltr'>supra</span> <span class='ocrx_word' id='word_1_34' title='bbox 596 1025 635 1090; x_wconf 90' lang='lat' dir='ltr'>de</span> <span class='ocrx_word' id='word_1_35' title='bbox 660 1023 874 1106; x_wconf 83' lang='lat' dir='ltr'>compluribus</span> <span class='ocrx_word' id='word_1_36' title='bbox 896 1021 976 1089; x_wconf 87' lang='lat' dir='ltr'>locis</span> <span class='ocrx_word' id='word_1_37' title='bbox 992 1022 1187 1088; x_wconf 87' lang='lat' dir='ltr'>Herodoteis</span> <span class='ocrx_word' id='word_1_38' title='bbox 1203 1022 1380 1088; x_wconf 87' lang='lat' dir='ltr'>monuimus</span> <span class='ocrx_word' id='word_1_39' title='bbox 1396 1024 1548 1106; x_wconf 87' lang='lat' dir='ltr'>protasim</span> 
     </span>
     <span class='ocr_line' id='line_1_7' title="bbox 247 1129 1551 1213; baseline -0.001 -15"><span class='ocrx_word' id='word_1_40' title='bbox 247 1149 248 1152; x_wconf 71' lang='grc'>’</span> <span class='ocrx_word' id='word_1_41' title='bbox 278 1131 437 1198; x_wconf 86' lang='lat' dir='ltr'>similibus</span> <span class='ocrx_word' id='word_1_42' title='bbox 473 1132 525 1199; x_wconf 88' lang='lat' dir='ltr'>vel</span> <span class='ocrx_word' id='word_1_43' title='bbox 565 1131 678 1196; x_wconf 89' lang='lat' dir='ltr'>iisdem</span> <span class='ocrx_word' id='word_1_44' title='bbox 714 1129 822 1196; x_wconf 89' lang='lat' dir='ltr'>verbis</span> <span class='ocrx_word' id='word_1_45' title='bbox 858 1130 1048 1212; x_wconf 86' lang='lat' dir='ltr'>praesertim</span> <span class='ocrx_word' id='word_1_46' title='bbox 1084 1131 1272 1213; x_wconf 84' lang='lat' dir='ltr'>parenthesi</span> <span class='ocrx_word' id='word_1_47' title='bbox 1307 1150 1401 1212; x_wconf 87' lang='lat' dir='ltr'>quam</span> <span class='ocrx_word' id='word_1_48' title='bbox 1435 1140 1551 1198; x_wconf 83' lang='lat' dir='ltr'>uncant</span> 
     </span>
     <span class='ocr_line' id='line_1_8' title="bbox 278 1237 1550 1321; baseline 0 -17"><span class='ocrx_word' id='word_1_49' title='bbox 278 1239 449 1306; x_wconf 86' lang='lat' dir='ltr'>interiecta</span> <span class='ocrx_word' id='word_1_50' title='bbox 473 1237 586 1321; x_wconf 86' lang='lat' dir='ltr'>repeti,</span> <span class='ocrx_word' id='word_1_51' title='bbox 610 1237 644 1302; x_wconf 94' lang='lat' dir='ltr'>in</span> <span class='ocrx_word' id='word_1_52' title='bbox 668 1237 769 1302; x_wconf 87' lang='lat' dir='ltr'>lecum</span> <span class='ocrx_word' id='word_1_53' title='bbox 787 1237 1034 1318; x_wconf 79' lang='lat' dir='ltr'>Thucydideum&#39;</span> <span class='ocrx_word' id='word_1_54' title='bbox 1051 1256 1171 1319; x_wconf 87' lang='lat' dir='ltr'>quoque</span> <span class='ocrx_word' id='word_1_55' title='bbox 1195 1239 1352 1318; x_wconf 62' lang='lat' dir='ltr'>quadran</span> <span class='ocrx_word' id='word_1_56' title='bbox 1377 1239 1451 1303; x_wconf 86' lang='lat'>118</span> <span class='ocrx_word' id='word_1_57' title='bbox 1468 1239 1550 1304; x_wconf 90' lang='lat' dir='ltr'>enim</span> 
     </span>
     <span class='ocr_line' id='line_1_9' title="bbox 278 1335 1551 1432; baseline -0.002 -20"><span class='ocrx_word' id='word_1_58' title='bbox 278 1345 410 1428; x_wconf 82' lang='lat' dir='ltr'>legitur:</span> <span class='ocrx_word' id='word_1_59' title='bbox 445 1337 602 1430; x_wconf 69' lang='grc' dir='ltr'><em>Ἐπειδὴ</em></span> <span class='ocrx_word' id='word_1_60' title='bbox 625 1343 664 1408; x_wconf 78' lang='grc' dir='ltr'>δὲ</span> <span class='ocrx_word' id='word_1_61' title='bbox 689 1342 726 1408; x_wconf 73' lang='grc' dir='ltr'>οἵ</span> <span class='ocrx_word' id='word_1_62' title='bbox 758 1367 798 1408; x_wconf 82' lang='grc' dir='ltr'>τε</span> <span class='ocrx_word' id='word_1_63' title='bbox 826 1335 1045 1431; x_wconf 69' lang='grc' dir='ltr'><em>Ἀθηναίων</em></span> <span class='ocrx_word' id='word_1_64' title='bbox 1069 1342 1255 1430; x_wconf 82' lang='grc' dir='ltr'><em>τύραννοι</em></span> <span class='ocrx_word' id='word_1_65' title='bbox 1285 1345 1339 1408; x_wconf 86' lang='grc' dir='ltr'>καὶ</span> <span class='ocrx_word' id='word_1_66' title='bbox 1372 1341 1402 1408; x_wconf 76' lang='grc' dir='ltr'>οἱ</span> <span class='ocrx_word' id='word_1_67' title='bbox 1434 1343 1467 1409; x_wconf 76' lang='grc' dir='ltr'>ἐκ</span> <span class='ocrx_word' id='word_1_68' title='bbox 1497 1353 1551 1432; x_wconf 77' lang='grc' dir='ltr'>τῆς</span> 
     </span>
     <span class='ocr_line' id='line_1_10' title="bbox 278 1445 1548 1540; baseline 0 -24"><span class='ocrx_word' id='word_1_69' title='bbox 278 1446 372 1540; x_wconf 71' lang='grc' dir='ltr'><em>ἄλλος</em></span> <span class='ocrx_word' id='word_1_70' title='bbox 398 1445 546 1528; x_wconf 75' lang='grc' dir='ltr'><em>Ἑλλάδος</em></span> <span class='ocrx_word' id='word_1_71' title='bbox 579 1449 634 1516; x_wconf 78' lang='grc' dir='ltr'>ἐπὶ</span> <span class='ocrx_word' id='word_1_72' title='bbox 662 1448 744 1515; x_wconf 78' lang='grc' dir='ltr'><em>πολὺ</em></span> <span class='ocrx_word' id='word_1_73' title='bbox 775 1451 829 1514; x_wconf 82' lang='grc' dir='ltr'>καὶ</span> <span class='ocrx_word' id='word_1_74' title='bbox 859 1451 935 1535; x_wconf 81' lang='grc' dir='ltr'><em>πρὶν</em></span> <span class='ocrx_word' id='word_1_75' title='bbox 968 1455 1233 1538; x_wconf 78' lang='grc' dir='ltr'><em>τοροννεοθείσης</em></span> <span class='ocrx_word' id='word_1_76' title='bbox 1263 1450 1291 1516; x_wconf 78' lang='grc' dir='ltr'>οἱ</span> <span class='ocrx_word' id='word_1_77' title='bbox 1321 1452 1468 1516; x_wconf 84' lang='grc' dir='ltr'><em>πλεῖστοι</em></span> <span class='ocrx_word' id='word_1_78' title='bbox 1499 1454 1548 1517; x_wconf 80' lang='grc' dir='ltr'>καὶ</span> 
     </span>
     <span class='ocr_line' id='line_1_11' title="bbox 278 1549 1552 1646; baseline 0 -22"><span class='ocrx_word' id='word_1_79' title='bbox 278 1559 454 1624; x_wconf 78' lang='grc' dir='ltr'><em>τελευταῖοι</em></span> <span class='ocrx_word' id='word_1_80' title='bbox 484 1557 565 1646; x_wconf 83' lang='grc' dir='ltr'><em>πλὴν</em></span> <span class='ocrx_word' id='word_1_81' title='bbox 593 1567 657 1622; x_wconf 84' lang='grc' dir='ltr'>των</span> <span class='ocrx_word' id='word_1_82' title='bbox 685 1555 717 1621; x_wconf 77' lang='grc' dir='ltr'>ἐν</span> <span class='ocrx_word' id='word_1_83' title='bbox 747 1558 874 1644; x_wconf 75' lang='grc' dir='ltr'><strong><em>Σικελίᾳ</em></strong></span> <span class='ocrx_word' id='word_1_84' title='bbox 901 1549 966 1622; x_wconf 63' lang='lat' dir='ltr'>tant</span> <span class='ocrx_word' id='word_1_85' title='bbox 990 1557 1251 1640; x_wconf 75' lang='grc' dir='ltr'><em>Λακεδαιμονίων</em></span> <span class='ocrx_word' id='word_1_86' title='bbox 1279 1558 1552 1646; x_wconf 66' lang='grc' dir='ltr'><strong><em>κατελύθησαν</em></strong></span> 
     </span>
     <span class='ocr_line' id='line_1_12' title="bbox 278 1658 1550 1753; baseline 0 -23"><span class='ocrx_word' id='word_1_87' title='bbox 278 1660 311 1753; x_wconf 76' lang='grc' dir='ltr'>(ἡ</span> <span class='ocrx_word' id='word_1_88' title='bbox 333 1665 393 1751; x_wconf 83' lang='grc' dir='ltr'>γάρ</span> <span class='ocrx_word' id='word_1_89' title='bbox 417 1665 627 1747; x_wconf 77' lang='grc' dir='ltr'><em>Λακεδαίμων</em></span> <span class='ocrx_word' id='word_1_90' title='bbox 651 1715 658 1728; x_wconf 94' lang='grc'>.</span> <span class='ocrx_word' id='word_1_91' title='bbox 685 1715 691 1728; x_wconf 92' lang='grc'><em>.</em></span> <span class='ocrx_word' id='word_1_92' title='bbox 718 1714 724 1728; x_wconf 94' lang='grc'><strong><em>.</em></strong></span> <span class='ocrx_word' id='word_1_93' title='bbox 749 1666 803 1728; x_wconf 85' lang='grc' dir='ltr'>καὶ</span> <span class='ocrx_word' id='word_1_94' title='bbox 833 1663 873 1728; x_wconf 86' lang='grc' dir='ltr'>τὰ</span> <span class='ocrx_word' id='word_1_95' title='bbox 902 1662 933 1730; x_wconf 81' lang='grc' dir='ltr'>ἒν</span> <span class='ocrx_word' id='word_1_96' title='bbox 961 1675 1033 1742; x_wconf 76' lang='grc' dir='ltr'><em>ταῖς</em></span> <span class='ocrx_word' id='word_1_97' title='bbox 1061 1658 1172 1742; x_wconf 79' lang='grc' dir='ltr'><em>ἄλλοις</em></span> <span class='ocrx_word' id='word_1_98' title='bbox 1195 1665 1309 1731; x_wconf 87' lang='grc' dir='ltr'><em>πόλεσι</em></span> <span class='ocrx_word' id='word_1_99' title='bbox 1332 1667 1550 1750; x_wconf 88' lang='grc' dir='ltr'><em>καθίστασαν)</em></span> 
     </span>
     <span class='ocr_line' id='line_1_13' title="bbox 277 1766 1390 1860; baseline 0 -24"><span class='ocrx_word' id='word_1_100' title='bbox 277 1771 375 1854; x_wconf 81' lang='grc' dir='ltr'><em>μετά</em></span> <span class='ocrx_word' id='word_1_101' title='bbox 401 1771 438 1834; x_wconf 80' lang='grc' dir='ltr'>δὲ·</span> <span class='ocrx_word' id='word_1_102' title='bbox 461 1770 527 1859; x_wconf 71' lang='grc' dir='ltr'>τὴν</span> <span class='ocrx_word' id='word_1_103' title='bbox 551 1779 626 1836; x_wconf 78' lang='grc' dir='ltr'>τῶν</span> <span class='ocrx_word' id='word_1_104' title='bbox 649 1770 840 1856; x_wconf 82' lang='grc' dir='ltr'><em>τυράννοιν</em></span> <span class='ocrx_word' id='word_1_105' title='bbox 863 1770 1079 1836; x_wconf 78' lang='grc' dir='ltr'><em>κατάλυσιν</em></span> <span class='ocrx_word' id='word_1_106' title='bbox 1103 1770 1136 1836; x_wconf 77' lang='grc' dir='ltr'>ἐκ</span> <span class='ocrx_word' id='word_1_107' title='bbox 1159 1783 1214 1860; x_wconf 80' lang='grc' dir='ltr'>τῆς</span> <span class='ocrx_word' id='word_1_108' title='bbox 1236 1766 1390 1849; x_wconf 76' lang='grc' dir='ltr'><em>Ἑλλάδος.</em></span> 
     </span>
    </p>

    <p class='ocr_par' dir='ltr' id='par_1_4' title="bbox 257 1887 1556 2404">
     <span class='ocr_line' id='line_1_14' title="bbox 366 1887 1553 1973; baseline 0.002 -20"><span class='ocrx_word' id='word_1_109' title='bbox 366 1887 576 1969; x_wconf 85' lang='lat' dir='ltr'>Participium</span> <span class='ocrx_word' id='word_1_110' title='bbox 593 1889 697 1953; x_wconf 84' lang='lat' dir='ltr'>altero</span> <span class='ocrx_word' id='word_1_111' title='bbox 713 1888 791 1971; x_wconf 79' lang='lat' dir='ltr'>lece,</span> <span class='ocrx_word' id='word_1_112' title='bbox 816 1887 866 1953; x_wconf 90' lang='lat' dir='ltr'>cui</span> <span class='ocrx_word' id='word_1_113' title='bbox 879 1887 962 1953; x_wconf 90' lang='lat' dir='ltr'>idem</span> <span class='ocrx_word' id='word_1_114' title='bbox 978 1887 1047 1954; x_wconf 83' lang='lat' dir='ltr'>fere</span> <span class='ocrx_word' id='word_1_115' title='bbox 1065 1907 1178 1954; x_wconf 86' lang='lat' dir='ltr'>sensus</span> <span class='ocrx_word' id='word_1_116' title='bbox 1195 1888 1291 1973; x_wconf 85' lang='lat' dir='ltr'>inest,</span> <span class='ocrx_word' id='word_1_117' title='bbox 1310 1889 1481 1973; x_wconf 85' lang='lat' dir='ltr'>repetitur:</span> <span class='ocrx_word' id='word_1_118' title='bbox 1505 1891 1553 1956; x_wconf 90' lang='lat' dir='ltr'>IV</span> 
     </span>
     <span class='ocr_line' id='line_1_15' title="bbox 278 1985 1552 2082; baseline -0.001 -22"><span class='ocrx_word' id='word_1_119' title='bbox 278 2001 319 2060; x_wconf 84' lang='grc'>36</span> <span class='ocrx_word' id='word_1_120' title='bbox 336 1993 574 2078; x_wconf 74' lang='grc' dir='ltr'><em>βαλλόμενοί</em></span> <span class='ocrx_word' id='word_1_121' title='bbox 596 2017 639 2056; x_wconf 85' lang='grc' dir='ltr'>τε</span> <span class='ocrx_word' id='word_1_122' title='bbox 661 1985 883 2080; x_wconf 73' lang='grc' dir='ltr'><em>ἀμφοτέρω</em></span> <span class='ocrx_word' id='word_1_123' title='bbox 894 1998 966 2058; x_wconf 95' lang='grc' dir='ltr'>θεν</span> <span class='ocrx_word' id='word_1_124' title='bbox 989 1988 1058 2081; x_wconf 68' lang='grc' dir='ltr'>ἤδη</span> <span class='ocrx_word' id='word_1_125' title='bbox 1082 1995 1135 2058; x_wconf 85' lang='grc' dir='ltr'>καὶ</span> <span class='ocrx_word' id='word_1_126' title='bbox 1159 1993 1338 2079; x_wconf 79' lang='grc' dir='ltr'><em>γιγνόμενοι</em></span> <span class='ocrx_word' id='word_1_127' title='bbox 1356 1994 1387 2060; x_wconf 79' lang='grc' dir='ltr'>ἐν</span> <span class='ocrx_word' id='word_1_128' title='bbox 1402 2004 1449 2082; x_wconf 70' lang='grc' dir='ltr'>τῷ</span> <span class='ocrx_word' id='word_1_129' title='bbox 1465 1987 1552 2081; x_wconf 70' lang='grc' dir='ltr'><em>οὕτω</em></span> 
     </span>
     <span class='ocr_line' id='line_1_16' title="bbox 278 2093 1556 2188; baseline 0.003 -24"><span class='ocrx_word' id='word_1_130' title='bbox 278 2099 500 2182; x_wconf 82' lang='grc' dir='ltr'><em>ξομπτιάματι,</em></span> <span class='ocrx_word' id='word_1_131' title='bbox 531 2093 573 2176; x_wconf 74' lang='grc' dir='ltr'>ὡς</span> <span class='ocrx_word' id='word_1_132' title='bbox 596 2099 708 2185; x_wconf 82' lang='grc' dir='ltr'><em>μικρὸν</em></span> <span class='ocrx_word' id='word_1_133' title='bbox 730 2099 863 2186; x_wconf 72' lang='grc' dir='ltr'><em>μεγάλω</em></span> <span class='ocrx_word' id='word_1_134' title='bbox 885 2099 1021 2179; x_wconf 82' lang='grc' dir='ltr'><em>εἰκάσαι,</em></span> <span class='ocrx_word' id='word_1_135' title='bbox 1051 2109 1096 2186; x_wconf 69' lang='grc' dir='ltr'>τῷ</span> <span class='ocrx_word' id='word_1_136' title='bbox 1121 2099 1152 2165; x_wconf 74' lang='grc' dir='ltr'>ἐν</span> <span class='ocrx_word' id='word_1_137' title='bbox 1180 2101 1400 2188; x_wconf 71' lang='grc' dir='ltr'><em>Θερμοπύλαις</em></span> <span class='ocrx_word' id='word_1_138' title='bbox 1424 2101 1556 2188; x_wconf 73' lang='grc' dir='ltr'>(ἐκεῖνοί</span> 
     </span>
     <span class='ocr_line' id='line_1_17' title="bbox 277 2200 1556 2297; baseline 0 -25"><span class='ocrx_word' id='word_1_139' title='bbox 277 2233 312 2272; x_wconf 90' lang='grc' dir='ltr'>τε</span> <span class='ocrx_word' id='word_1_140' title='bbox 335 2207 395 2293; x_wconf 77' lang='grc' dir='ltr'>γάρ</span> <span class='ocrx_word' id='word_1_141' title='bbox 418 2217 455 2294; x_wconf 69' lang='grc' dir='ltr'>τῇ</span> <span class='ocrx_word' id='word_1_142' title='bbox 479 2202 613 2292; x_wconf 68' lang='grc' dir='ltr'><em>άτραπιμ</em></span> <span class='ocrx_word' id='word_1_143' title='bbox 639 2206 879 2293; x_wconf 63' lang='grc' dir='ltr'><em>περιελθόντων</em></span> <span class='ocrx_word' id='word_1_144' title='bbox 903 2216 966 2272; x_wconf 82' lang='grc' dir='ltr'>των</span> <span class='ocrx_word' id='word_1_145' title='bbox 983 2216 1115 2293; x_wconf 78' lang='grc' dir='ltr'><em>Περσῶν</em></span> <span class='ocrx_word' id='word_1_146' title='bbox 1140 2208 1374 2297; x_wconf 62' lang='grc' dir='ltr'><em>διεφθάρησαν,</em></span> <span class='ocrx_word' id='word_1_147' title='bbox 1402 2200 1488 2272; x_wconf 71' lang='grc' dir='ltr'><em>οὗτοί</em></span> <span class='ocrx_word' id='word_1_148' title='bbox 1506 2211 1556 2294; x_wconf 80' lang='grc' dir='ltr'>τε)</span> 
     </span>
     <span class='ocr_line' id='line_1_18' title="bbox 257 2300 1507 2404; baseline 0.002 -26"><span class='ocrx_word' id='word_1_149' title='bbox 257 2307 498 2403; x_wconf 68' lang='grc' dir='ltr'><em>“άμφι’ρόλοι</em></span> <span class='ocrx_word' id='word_1_150' title='bbox 523 2308 588 2402; x_wconf 71' lang='grc' dir='ltr'>ἤδη</span> <span class='ocrx_word' id='word_1_151' title='bbox 612 2307 719 2390; x_wconf 83' lang='grc' dir='ltr'><em>δντες</em></span> <span class='ocrx_word' id='word_1_152' title='bbox 743 2300 848 2378; x_wconf 80' lang='grc' dir='ltr'><em>σδκὲτι</em></span> <span class='ocrx_word' id='word_1_153' title='bbox 869 2305 1023 2396; x_wconf 82' lang='grc' dir='ltr'><em>άντεῐχον.</em></span> <span class='ocrx_word' id='word_1_154' title='bbox 1048 2316 1088 2381; x_wconf 87' lang='lat' dir='ltr'>ef.</span> <span class='ocrx_word' id='word_1_155' title='bbox 1110 2317 1143 2381; x_wconf 81' lang='lat' dir='ltr'>‘V</span> <span class='ocrx_word' id='word_1_156' title='bbox 1168 2323 1219 2400; x_wconf 78' lang='lat'>58,</span> <span class='ocrx_word' id='word_1_157' title='bbox 1244 2318 1308 2382; x_wconf 83' lang='lat' dir='ltr'>Vll</span> <span class='ocrx_word' id='word_1_158' title='bbox 1332 2322 1385 2382; x_wconf 75' lang='lat'>42.</span> <span class='ocrx_word' id='word_1_159' title='bbox 1501 2396 1507 2404; x_wconf 16' lang='grc' dir='ltr'><strong><em>ἡ</em></strong></span> 
     </span>
    </p>

    <p class='ocr_par' dir='ltr' id='par_1_5' title="bbox 279 2431 1556 2605">
     <span class='ocr_line' id='line_1_19' title="bbox 367 2431 1556 2515; baseline 0.002 -19"><span class='ocrx_word' id='word_1_160' title='bbox 367 2433 507 2499; x_wconf 85' lang='lat' dir='ltr'>Verbum</span> <span class='ocrx_word' id='word_1_161' title='bbox 539 2432 662 2498; x_wconf 89' lang='lat' dir='ltr'>finitum</span> <span class='ocrx_word' id='word_1_162' title='bbox 695 2432 855 2515; x_wconf 85' lang='lat' dir='ltr'>repetitur</span> <span class='ocrx_word' id='word_1_163' title='bbox 882 2431 1054 2514; x_wconf 83' lang='lat' dir='ltr'>participio</span> <span class='ocrx_word' id='word_1_164' title='bbox 1079 2433 1219 2498; x_wconf 88' lang='lat' dir='ltr'>eiusdem</span> <span class='ocrx_word' id='word_1_165' title='bbox 1245 2433 1297 2499; x_wconf 87' lang='lat' dir='ltr'>vel</span> <span class='ocrx_word' id='word_1_166' title='bbox 1322 2431 1437 2498; x_wconf 90' lang='lat' dir='ltr'>similis</span> <span class='ocrx_word' id='word_1_167' title='bbox 1462 2434 1556 2499; x_wconf 82' lang='lat' dir='ltr'>verbi</span> 
     </span>
     <span class='ocr_line' id='line_1_20' title="bbox 279 2540 437 2605; baseline 0 -1"><span class='ocrx_word' id='word_1_168' title='bbox 279 2540 307 2604; x_wconf 88' lang='lat' dir='ltr'>V</span> <span class='ocrx_word' id='word_1_169' title='bbox 331 2545 359 2605; x_wconf 79' lang='grc' dir='ltr'>ὅ.</span> <span class='ocrx_word' id='word_1_170' title='bbox 385 2547 437 2605; x_wconf 87' lang='grc'>40.</span> 
     </span>
    </p>

    <p class='ocr_par' dir='ltr' id='par_1_6' title="bbox 271 2652 1559 3697">
     <span class='ocr_line' id='line_1_21' title="bbox 366 2652 1559 2737; baseline 0.002 -18"><span class='ocrx_word' id='word_1_171' title='bbox 366 2653 527 2720; x_wconf 83' lang='lat' dir='ltr'>Peculiari</span> <span class='ocrx_word' id='word_1_172' title='bbox 550 2653 676 2720; x_wconf 85' lang='lat' dir='ltr'>ratione</span> <span class='ocrx_word' id='word_1_173' title='bbox 700 2653 925 2736; x_wconf 87' lang='lat' dir='ltr'>explicandum</span> <span class='ocrx_word' id='word_1_174' title='bbox 949 2652 1078 2719; x_wconf 84' lang='lat' dir='ltr'>videtur</span> <span class='ocrx_word' id='word_1_175' title='bbox 1100 2654 1227 2720; x_wconf 89' lang='lat' dir='ltr'>initium</span> <span class='ocrx_word' id='word_1_176' title='bbox 1252 2673 1320 2737; x_wconf 85' lang='lat' dir='ltr'>cap.</span> <span class='ocrx_word' id='word_1_177' title='bbox 1347 2660 1388 2721; x_wconf 89' lang='grc'>64</span> <span class='ocrx_word' id='word_1_178' title='bbox 1413 2655 1487 2721; x_wconf 87' lang='lat' dir='ltr'>libri</span> <span class='ocrx_word' id='word_1_179' title='bbox 1509 2655 1559 2721; x_wconf 89' lang='lat' dir='ltr'>VI</span> 
     </span>
     <span class='ocr_line' id='line_1_22' title="bbox 271 2749 1558 2846; baseline 0 -21"><span class='ocrx_word' id='word_1_180' title='bbox 271 2757 303 2825; x_wconf 76' lang='lat' dir='ltr'>“A</span> <span class='ocrx_word' id='word_1_181' title='bbox 326 2759 554 2844; x_wconf 77' lang='grc' dir='ltr'><em>γιγνώσκοντες</em></span> <span class='ocrx_word' id='word_1_182' title='bbox 578 2758 612 2824; x_wconf 77' lang='grc' dir='ltr'>οἱ</span> <span class='ocrx_word' id='word_1_183' title='bbox 637 2759 855 2846; x_wconf 73' lang='grc' dir='ltr'><em>στρατηγοὶ</em></span> <span class='ocrx_word' id='word_1_184' title='bbox 879 2768 954 2823; x_wconf 83' lang='grc' dir='ltr'><em>τιῦν</em></span> <span class='ocrx_word' id='word_1_185' title='bbox 975 2749 1194 2846; x_wconf 71' lang='grc' dir='ltr'><em>Ἀθηναίων</em></span> <span class='ocrx_word' id='word_1_186' title='bbox 1216 2761 1284 2823; x_wconf 85' lang='grc' dir='ltr'>καὶ</span> <span class='ocrx_word' id='word_1_187' title='bbox 1307 2759 1558 2843; x_wconf 76' lang='grc' dir='ltr'><em>βουλόμενοι</em></span> 
     </span>
     <span class='ocr_line' id='line_1_23' title="bbox 278 2858 1557 2953; baseline 0 -23"><span class='ocrx_word' id='word_1_188' title='bbox 278 2858 392 2944; x_wconf 77' lang='grc' dir='ltr'><em>αὖτοὺς</em></span> <span class='ocrx_word' id='word_1_189' title='bbox 421 2860 510 2951; x_wconf 80' lang='grc' dir='ltr'><em>άγειν</em></span> <span class='ocrx_word' id='word_1_190' title='bbox 542 2867 699 2953; x_wconf 77' lang='grc' dir='ltr'><em>πανδημεὶ</em></span> <span class='ocrx_word' id='word_1_191' title='bbox 728 2863 760 2930; x_wconf 77' lang='grc' dir='ltr'>ἐκ</span> <span class='ocrx_word' id='word_1_192' title='bbox 788 2875 843 2952; x_wconf 68' lang='grc' dir='ltr'>τὴς</span> <span class='ocrx_word' id='word_1_193' title='bbox 870 2865 996 2944; x_wconf 80' lang='grc' dir='ltr'><em>πόλεως</em></span> <span class='ocrx_word' id='word_1_194' title='bbox 1027 2861 1082 2942; x_wconf 76' lang='grc' dir='ltr'>δτιΙ</span> <span class='ocrx_word' id='word_1_195' title='bbox 1101 2867 1253 2932; x_wconf 90' lang='grc' dir='ltr'><em>πλεῖστον</em></span> <span class='ocrx_word' id='word_1_196' title='bbox 1342 2866 1496 2931; x_wconf 80' lang='grc' dir='ltr'><em>τοιάνδε</em></span> <span class='ocrx_word' id='word_1_197' title='bbox 1520 2892 1557 2930; x_wconf 91' lang='grc' dir='ltr'>τι</span> 
     </span>
     <span class='ocr_line' id='line_1_24' title="bbox 277 2961 1556 3060; baseline 0 -21"><span class='ocrx_word' id='word_1_198' title='bbox 277 2961 343 3040; x_wconf 77' lang='grc' dir='ltr'>οὖν</span> <span class='ocrx_word' id='word_1_199' title='bbox 365 2972 465 3060; x_wconf 77' lang='grc' dir='ltr'><em>πρὸς</em></span> <span class='ocrx_word' id='word_1_200' title='bbox 481 2973 500 3037; x_wconf 81' lang='grc' dir='ltr'><em>ά</em></span> <span class='ocrx_word' id='word_1_201' title='bbox 523 2972 730 3058; x_wconf 75' lang='grc' dir='ltr'><em>ἐβούλοντο</em></span> <span class='ocrx_word' id='word_1_202' title='bbox 754 2971 783 3037; x_wconf 79' lang='grc' dir='ltr'>οἱ</span> <span class='ocrx_word' id='word_1_203' title='bbox 801 2974 972 3060; x_wconf 73' lang='grc' dir='ltr'><em>στρατηγοὶ</em></span> <span class='ocrx_word' id='word_1_204' title='bbox 987 2983 1198 3060; x_wconf 67' lang='grc' dir='ltr'><em>μηχανῶνται,</em></span> <span class='ocrx_word' id='word_1_205' title='bbox 1216 2994 1275 3055; x_wconf 81' lang='lat' dir='ltr'>quo</span> <span class='ocrx_word' id='word_1_206' title='bbox 1292 2973 1360 3039; x_wconf 83' lang='lat' dir='ltr'>loco</span> <span class='ocrx_word' id='word_1_207' title='bbox 1378 2975 1556 3039; x_wconf 79' lang='lat' dir='ltr'>subiectum</span> 
     </span>
     <span class='ocr_line' id='line_1_25' title="bbox 274 3064 1556 3168; baseline -0.003 -20"><span class='ocrx_word' id='word_1_208' title='bbox 274 3064 440 3168; x_wconf 72' lang='grc' dir='ltr'><em>Ἀθηναῖοι</em></span> <span class='ocrx_word' id='word_1_209' title='bbox 456 3087 489 3146; x_wconf 84' lang='lat' dir='ltr'>et</span> <span class='ocrx_word' id='word_1_210' title='bbox 505 3081 709 3164; x_wconf 83' lang='lat' dir='ltr'>participium</span> <span class='ocrx_word' id='word_1_211' title='bbox 725 3079 910 3164; x_wconf 75' lang='grc' dir='ltr'><em>βουλόμενοι</em></span> <span class='ocrx_word' id='word_1_212' title='bbox 926 3081 960 3146; x_wconf 92' lang='lat' dir='ltr'>in-</span> <span class='ocrx_word' id='word_1_213' title='bbox 975 3073 1037 3146; x_wconf 84' lang='lat' dir='ltr'>line</span> <span class='ocrx_word' id='word_1_214' title='bbox 1054 3081 1214 3147; x_wconf 90' lang='lat' dir='ltr'>enuntiati</span> <span class='ocrx_word' id='word_1_215' title='bbox 1231 3081 1434 3165; x_wconf 85' lang='lat' dir='ltr'>excipiuntur</span> <span class='ocrx_word' id='word_1_216' title='bbox 1446 3082 1556 3147; x_wconf 86' lang='lat' dir='ltr'>verbis</span> 
     </span>
     <span class='ocr_line' id='line_1_26' title="bbox 277 3181 1556 3273; baseline -0.001 -19"><span class='ocrx_word' id='word_1_217' title='bbox 277 3187 360 3273; x_wconf 72' lang='grc' dir='ltr'><em>πρὸς</em></span> <span class='ocrx_word' id='word_1_218' title='bbox 381 3185 401 3252; x_wconf 82' lang='grc' dir='ltr'><em>ά</em></span> <span class='ocrx_word' id='word_1_219' title='bbox 420 3185 584 3270; x_wconf 69' lang='grc' dir='ltr'><em>ἐβούλοντο</em></span> <span class='ocrx_word' id='word_1_220' title='bbox 599 3186 629 3249; x_wconf 75' lang='grc' dir='ltr'>οἱ</span> <span class='ocrx_word' id='word_1_221' title='bbox 648 3181 829 3273; x_wconf 77' lang='grc' dir='ltr'><em>στρατηγοί.</em></span> <span class='ocrx_word' id='word_1_222' title='bbox 865 3186 1256 3272; x_wconf 61' lang='lat' dir='ltr'>barchinonensium</span> <span class='ocrx_word' id='word_1_223' title='bbox 1279 3188 1381 3252; x_wconf 86' lang='lat' dir='ltr'>locum</span> <span class='ocrx_word' id='word_1_224' title='bbox 1406 3189 1556 3253; x_wconf 74' lang='lat' dir='ltr'>alluebat:</span> 
     </span>
     <span class='ocr_line' id='line_1_27' title="bbox 278 3293 1555 3381; baseline -0.002 -20"><span class='ocrx_word' id='word_1_225' title='bbox 278 3297 391 3381; x_wconf 48' lang='lat' dir='ltr'>‘Wenn</span> <span class='ocrx_word' id='word_1_226' title='bbox 416 3295 498 3359; x_wconf 85' lang='lat' dir='ltr'>nach</span> <span class='ocrx_word' id='word_1_227' title='bbox 515 3293 802 3360; x_wconf 75' lang='lat' dir='ltr'>Zwiscbensbtzen</span> <span class='ocrx_word' id='word_1_228' title='bbox 827 3295 883 3358; x_wconf 89' lang='lat' dir='ltr'>der</span> <span class='ocrx_word' id='word_1_229' title='bbox 900 3294 1086 3376; x_wconf 86' lang='lat' dir='ltr'>Hauptsetz</span> <span class='ocrx_word' id='word_1_230' title='bbox 1111 3293 1307 3375; x_wconf 78' lang='lat' dir='ltr'>icrtgesetat</span> <span class='ocrx_word' id='word_1_231' title='bbox 1331 3296 1462 3360; x_wconf 86' lang='lat' dir='ltr'>werden</span> <span class='ocrx_word' id='word_1_232' title='bbox 1486 3295 1555 3376; x_wconf 86' lang='lat' dir='ltr'>soll,</span> 
     </span>
     <span class='ocr_line' id='line_1_28' title="bbox 278 3399 1556 3483; baseline -0.002 -16"><span class='ocrx_word' id='word_1_233' title='bbox 278 3422 313 3467; x_wconf 88' lang='lat' dir='ltr'>sc</span> <span class='ocrx_word' id='word_1_234' title='bbox 338 3403 467 3467; x_wconf 89' lang='lat' dir='ltr'>werden</span> <span class='ocrx_word' id='word_1_235' title='bbox 491 3400 523 3466; x_wconf 91' lang='lat' dir='ltr'>in</span> <span class='ocrx_word' id='word_1_236' title='bbox 548 3400 666 3466; x_wconf 89' lang='lat' dir='ltr'>diesem</span> <span class='ocrx_word' id='word_1_237' title='bbox 692 3399 894 3483; x_wconf 77' lang='lat' dir='ltr'>gewbhnlich</span> <span class='ocrx_word' id='word_1_238' title='bbox 919 3399 971 3465; x_wconf 89' lang='lat' dir='ltr'>ein</span> <span class='ocrx_word' id='word_1_239' title='bbox 995 3417 1077 3482; x_wconf 80' lang='lat' dir='ltr'>paen</span> <span class='ocrx_word' id='word_1_240' title='bbox 1100 3402 1214 3466; x_wconf 89' lang='lat' dir='ltr'>Worte</span> <span class='ocrx_word' id='word_1_241' title='bbox 1238 3420 1295 3466; x_wconf 81' lang='lat' dir='ltr'>aurs</span> <span class='ocrx_word' id='word_1_242' title='bbox 1320 3401 1391 3465; x_wconf 92' lang='lat' dir='ltr'>dem</span> <span class='ocrx_word' id='word_1_243' title='bbox 1413 3400 1556 3482; x_wconf 81' lang='lat' dir='ltr'>Verigen</span> 
     </span>
     <span class='ocr_line' id='line_1_29' title="bbox 278 3494 1556 3589; baseline -0.003 -15"><span class='ocrx_word' id='word_1_244' title='bbox 278 3508 337 3574; x_wconf 85' lang='lat' dir='ltr'>mit</span> <span class='ocrx_word' id='word_1_245' title='bbox 365 3507 408 3585; x_wconf 83' lang='grc' dir='ltr'>δέ,</span> <span class='ocrx_word' id='word_1_246' title='bbox 441 3494 494 3571; x_wconf 75' lang='grc' dir='ltr'>οὖν</span> <span class='ocrx_word' id='word_1_247' title='bbox 517 3512 655 3589; x_wconf 69' lang='lat' dir='ltr'>gesem,</span> <span class='ocrx_word' id='word_1_248' title='bbox 677 3507 711 3588; x_wconf 66' lang='lat' dir='ltr'>,ie</span> <span class='ocrx_word' id='word_1_249' title='bbox 743 3506 901 3572; x_wconf 84' lang='lat' dir='ltr'>nacbdem</span> <span class='ocrx_word' id='word_1_250' title='bbox 933 3507 992 3571; x_wconf 87' lang='lat' dir='ltr'>das</span> <span class='ocrx_word' id='word_1_251' title='bbox 1022 3505 1171 3589; x_wconf 82' lang='lat' dir='ltr'>folgende</span> <span class='ocrx_word' id='word_1_252' title='bbox 1194 3507 1265 3571; x_wconf 93' lang='lat' dir='ltr'>dem</span> <span class='ocrx_word' id='word_1_253' title='bbox 1290 3507 1556 3572; x_wconf 86' lang='lat' dir='ltr'>Zwischensatze</span> 
     </span>
     <span class='ocr_line' id='line_1_30' title="bbox 277 3612 1301 3697; baseline -0.003 -18"><span class='ocrx_word' id='word_1_254' title='bbox 277 3618 569 3697; x_wconf 82' lang='lat' dir='ltr'>entgegengesetzt</span> <span class='ocrx_word' id='word_1_255' title='bbox 592 3615 669 3679; x_wconf 88' lang='lat' dir='ltr'>oder</span> <span class='ocrx_word' id='word_1_256' title='bbox 693 3633 750 3679; x_wconf 88' lang='lat' dir='ltr'>aus</span> <span class='ocrx_word' id='word_1_257' title='bbox 775 3614 840 3678; x_wconf 91' lang='lat' dir='ltr'>ihm</span> <span class='ocrx_word' id='word_1_258' title='bbox 864 3613 1043 3695; x_wconf 83' lang='lat' dir='ltr'>abgeleitet</span> <span class='ocrx_word' id='word_1_259' title='bbox 1067 3614 1197 3678; x_wconf 86' lang='lat' dir='ltr'>werden</span> <span class='ocrx_word' id='word_1_260' title='bbox 1221 3612 1301 3677; x_wconf 69' lang='lat' dir='ltr'>soll!</span> 
     </span>
    </p>
   </div>
   <div class='ocr_carea' id='block_1_4' title="bbox 278 3736 1555 3929">
    <p class='ocr_par' dir='ltr' id='par_1_7' title="bbox 278 3736 1555 3929">
     <span class='ocr_line' id='line_1_31' title="bbox 365 3736 1555 3820; baseline 0 -18"><span class='ocrx_word' id='word_1_261' title='bbox 365 3739 435 3802; x_wconf 87' lang='lat' dir='ltr'>Non</span> <span class='ocrx_word' id='word_1_262' title='bbox 464 3738 745 3820; x_wconf 87' lang='lat' dir='ltr'>praetermittendi</span> <span class='ocrx_word' id='word_1_263' title='bbox 778 3736 914 3818; x_wconf 88' lang='lat' dir='ltr'>deniqne</span> <span class='ocrx_word' id='word_1_264' title='bbox 938 3743 1014 3802; x_wconf 85' lang='lat' dir='ltr'>sunt</span> <span class='ocrx_word' id='word_1_265' title='bbox 1036 3737 1180 3802; x_wconf 89' lang='lat' dir='ltr'>nunnnlli</span> <span class='ocrx_word' id='word_1_266' title='bbox 1203 3737 1274 3819; x_wconf 79' lang='lat' dir='ltr'>leci,</span> <span class='ocrx_word' id='word_1_267' title='bbox 1306 3736 1338 3801; x_wconf 89' lang='lat' dir='ltr'>in</span> <span class='ocrx_word' id='word_1_268' title='bbox 1369 3736 1482 3817; x_wconf 87' lang='lat' dir='ltr'>quibus</span> <span class='ocrx_word' id='word_1_269' title='bbox 1506 3755 1555 3818; x_wconf 82' lang='lat' dir='ltr'>ee,</span> 
     </span>
     <span class='ocr_line' id='line_1_32' title="bbox 278 3842 1555 3929; baseline -0.002 -19"><span class='ocrx_word' id='word_1_270' title='bbox 278 3863 358 3926; x_wconf 78' lang='lat' dir='ltr'>quiae</span> <span class='ocrx_word' id='word_1_271' title='bbox 376 3844 567 3928; x_wconf 86' lang='lat' dir='ltr'>singillatim</span> <span class='ocrx_word' id='word_1_272' title='bbox 583 3851 773 3911; x_wconf 87' lang='lat' dir='ltr'>enumerata</span> <span class='ocrx_word' id='word_1_273' title='bbox 794 3849 878 3929; x_wconf 86' lang='lat' dir='ltr'>sunt,</span> <span class='ocrx_word' id='word_1_274' title='bbox 903 3845 1215 3926; x_wconf 86' lang='lat' dir='ltr'>comprehenduntur</span> <span class='ocrx_word' id='word_1_275' title='bbox 1232 3842 1301 3909; x_wconf 90' lang='lat' dir='ltr'>sive</span> <span class='ocrx_word' id='word_1_276' title='bbox 1317 3850 1353 3908; x_wconf 93' lang='lat' dir='ltr'>nt</span> <span class='ocrx_word' id='word_1_277' title='bbox 1370 3843 1443 3908; x_wconf 90' lang='lat' dir='ltr'>aliis</span> <span class='ocrx_word' id='word_1_278' title='bbox 1459 3845 1555 3908; x_wconf 88' lang='lat' dir='ltr'>rebus</span> 
     </span>
    </p>
   </div>
   <div class='ocr_carea' id='block_1_5' title="bbox 176 3943 1555 4038">
    <p class='ocr_par' dir='ltr' id='par_1_8' title="bbox 176 3943 1555 4038">
     <span class='ocr_line' id='line_1_33' title="bbox 176 3943 1555 4038; baseline -0.002 -21"><span class='ocrx_word' id='word_1_279' title='bbox 176 4034 178 4038; x_wconf 13' lang='grc' dir='ltr'><strong><em>ι</em></strong></span> <span class='ocrx_word' id='word_1_280' title='bbox 278 3970 359 4032; x_wconf 82' lang='lat' dir='ltr'>quae</span> <span class='ocrx_word' id='word_1_281' title='bbox 382 3951 687 4034; x_wconf 84' lang='lat' dir='ltr'>praetermittuntur</span> <span class='ocrx_word' id='word_1_282' title='bbox 703 3956 904 4034; x_wconf 87' lang='lat' dir='ltr'>opponantur</span> <span class='ocrx_word' id='word_1_283' title='bbox 921 3952 990 4017; x_wconf 89' lang='lat' dir='ltr'>sive</span> <span class='ocrx_word' id='word_1_284' title='bbox 1005 3952 1127 4017; x_wconf 85' lang='lat' dir='ltr'>maiore</span> <span class='ocrx_word' id='word_1_285' title='bbox 1143 3970 1213 4015; x_wconf 90' lang='lat' dir='ltr'>cum</span> <span class='ocrx_word' id='word_1_286' title='bbox 1228 3951 1262 4016; x_wconf 89' lang='lat' dir='ltr'>vl</span> <span class='ocrx_word' id='word_1_287' title='bbox 1278 3956 1375 4031; x_wconf 90' lang='lat' dir='ltr'>atque</span> <span class='ocrx_word' id='word_1_288' title='bbox 1391 3943 1555 4031; x_wconf 79' lang='lat' dir='ltr'>gravitate</span> 
     </span>
    </p>
   </div>
   <div class='ocr_carea' id='block_1_6' title="bbox 227 4047 1556 4567">
    <p class='ocr_par' dir='ltr' id='par_1_9' title="bbox 227 4047 1556 4567">
     <span class='ocr_line' id='line_1_34' title="bbox 277 4047 1556 4142; baseline -0.005 -19"><span class='ocrx_word' id='word_1_289' title='bbox 277 4057 509 4140; x_wconf 83' lang='lat' dir='ltr'>exprimantur.</span> <span class='ocrx_word' id='word_1_290' title='bbox 555 4058 594 4122; x_wconf 92' lang='lat' dir='ltr'>In</span> <span class='ocrx_word' id='word_1_291' title='bbox 618 4057 782 4142; x_wconf 86' lang='lat' dir='ltr'>epitaphio</span> <span class='ocrx_word' id='word_1_292' title='bbox 807 4057 945 4124; x_wconf 90' lang='lat' dir='ltr'>Periclis</span> <span class='ocrx_word' id='word_1_293' title='bbox 969 4059 1003 4122; x_wconf 88' lang='grc' dir='ltr'>Π</span> <span class='ocrx_word' id='word_1_294' title='bbox 1020 4063 1061 4122; x_wconf 86' lang='grc'>36</span> <span class='ocrx_word' id='word_1_295' title='bbox 1085 4057 1137 4122; x_wconf 89' lang='lat' dir='ltr'>fin.</span> <span class='ocrx_word' id='word_1_296' title='bbox 1163 4055 1314 4139; x_wconf 84' lang='lat' dir='ltr'>legimus:</span> <span class='ocrx_word' id='word_1_297' title='bbox 1339 4047 1407 4120; x_wconf 81' lang='grc' dir='ltr'>άπὸ</span> <span class='ocrx_word' id='word_1_298' title='bbox 1430 4055 1463 4119; x_wconf 79' lang='grc' dir='ltr'>δὲ</span> <span class='ocrx_word' id='word_1_299' title='bbox 1487 4053 1556 4131; x_wconf 68' lang='grc' dir='ltr'>οἵας</span> 
     </span>
     <span class='ocr_line' id='line_1_35' title="bbox 227 4161 1556 4250; baseline -0.005 -21"><span class='ocrx_word' id='word_1_300' title='bbox 227 4211 229 4216; x_wconf 68' lang='lat'>,</span> <span class='ocrx_word' id='word_1_301' title='bbox 279 4165 521 4240; x_wconf 79' lang='grc' dir='ltr'><em>...πολιτείας</em></span> <span class='ocrx_word' id='word_1_302' title='bbox 537 4164 588 4227; x_wconf 84' lang='grc' dir='ltr'>καὶ</span> <span class='ocrx_word' id='word_1_303' title='bbox 606 4163 735 4250; x_wconf 87' lang='grc' dir='ltr'><em>τρόπων</em></span> <span class='ocrx_word' id='word_1_304' title='bbox 760 4161 794 4240; x_wconf 75' lang='grc' dir='ltr'>ἐξ</span> <span class='ocrx_word' id='word_1_305' title='bbox 812 4163 888 4228; x_wconf 71' lang='grc' dir='ltr'><em>οἵων</em></span> <span class='ocrx_word' id='word_1_306' title='bbox 911 4163 1035 4246; x_wconf 76' lang='grc' dir='ltr'><em>μεγάλα</em></span> <span class='ocrx_word' id='word_1_307' title='bbox 1059 4161 1192 4247; x_wconf 74' lang='grc' dir='ltr'><em>ἐγένετο,</em></span> <span class='ocrx_word' id='word_1_308' title='bbox 1217 4171 1348 4227; x_wconf 81' lang='grc' dir='ltr'><em>ταῦτα</em></span> <span class='ocrx_word' id='word_1_309' title='bbox 1372 4163 1390 4226; x_wconf 88' lang='grc' dir='ltr'><em>δ</em></span> <span class='ocrx_word' id='word_1_310' title='bbox 1397 4161 1556 4249; x_wconf 66' lang='grc' dir='ltr'><em>κλάσας</em></span> 
     </span>
     <span class='ocr_line' id='line_1_36' title="bbox 277 4267 1554 4358; baseline -0.002 -22"><span class='ocrx_word' id='word_1_311' title='bbox 277 4279 405 4358; x_wconf 81' lang='grc' dir='ltr'><em>πρῶτον</em></span> <span class='ocrx_word' id='word_1_312' title='bbox 429 4267 496 4353; x_wconf 80' lang='grc' dir='ltr'><em>εἶμι</em></span> <span class='ocrx_word' id='word_1_313' title='bbox 519 4271 572 4334; x_wconf 86' lang='grc' dir='ltr'>καὶ</span> <span class='ocrx_word' id='word_1_314' title='bbox 596 4268 652 4335; x_wconf 76' lang='grc' dir='ltr'>ἐπὶ</span> <span class='ocrx_word' id='word_1_315' title='bbox 675 4268 729 4336; x_wconf 85' lang='grc' dir='ltr'>τὸν</span> <span class='ocrx_word' id='word_1_316' title='bbox 752 4270 851 4338; x_wconf 73' lang='grc' dir='ltr'><em>τῶνδε</em></span> <span class='ocrx_word' id='word_1_317' title='bbox 875 4267 1015 4350; x_wconf 72' lang='grc' dir='ltr'><em>ἔπαινον,</em></span> <span class='ocrx_word' id='word_1_318' title='bbox 1041 4274 1101 4352; x_wconf 84' lang='lat' dir='ltr'>quo</span> <span class='ocrx_word' id='word_1_319' title='bbox 1129 4270 1163 4336; x_wconf 86' lang='lat' dir='ltr'>in</span> <span class='ocrx_word' id='word_1_320' title='bbox 1186 4271 1255 4336; x_wconf 81' lang='lat' dir='ltr'>loco</span> <span class='ocrx_word' id='word_1_321' title='bbox 1284 4270 1385 4338; x_wconf 81' lang='lat' dir='ltr'>verba</span> <span class='ocrx_word' id='word_1_322' title='bbox 1414 4287 1554 4352; x_wconf 84' lang='lat' dir='ltr'>compre·</span> 
     </span>
     <span class='ocr_line' id='line_1_37' title="bbox 277 4373 1554 4463; baseline -0.002 -21"><span class='ocrx_word' id='word_1_323' title='bbox 277 4373 452 4460; x_wconf 85' lang='lat' dir='ltr'>bendentia</span> <span class='ocrx_word' id='word_1_324' title='bbox 478 4385 599 4441; x_wconf 78' lang='grc' dir='ltr'><em>ταῦτα</em></span> <span class='ocrx_word' id='word_1_325' title='bbox 623 4375 793 4463; x_wconf 82' lang='grc' dir='ltr'><em>δηλώσας</em></span> <span class='ocrx_word' id='word_1_326' title='bbox 815 4376 896 4442; x_wconf 88' lang='lat' dir='ltr'>nihil</span> <span class='ocrx_word' id='word_1_327' title='bbox 920 4377 1008 4442; x_wconf 87' lang='lat' dir='ltr'>aliud</span> <span class='ocrx_word' id='word_1_328' title='bbox 1032 4382 1182 4459; x_wconf 87' lang='lat' dir='ltr'>spectant</span> <span class='ocrx_word' id='word_1_329' title='bbox 1206 4376 1270 4442; x_wconf 89' lang='lat' dir='ltr'>nisi</span> <span class='ocrx_word' id='word_1_330' title='bbox 1293 4382 1329 4441; x_wconf 92' lang='lat' dir='ltr'>ut</span> <span class='ocrx_word' id='word_1_331' title='bbox 1352 4375 1554 4440; x_wconf 83' lang='lat' dir='ltr'>enuntiatum</span> 
     </span>
     <span class='ocr_line' id='line_1_38' title="bbox 278 4473 1554 4567; baseline -0.003 -21"><span class='ocrx_word' id='word_1_332' title='bbox 278 4475 344 4555; x_wconf 80' lang='grc' dir='ltr'>άπὸ</span> <span class='ocrx_word' id='word_1_333' title='bbox 369 4483 401 4546; x_wconf 79' lang='grc' dir='ltr'>δὲ·</span> <span class='ocrx_word' id='word_1_334' title='bbox 419 4519 456 4528; x_wconf 76' lang='lat'>—</span> <span class='ocrx_word' id='word_1_335' title='bbox 477 4481 600 4567; x_wconf 77' lang='grc' dir='ltr'><em>ἐγένετο</em></span> <span class='ocrx_word' id='word_1_336' title='bbox 623 4490 802 4566; x_wconf 82' lang='lat' dir='ltr'>apponatur</span> <span class='ocrx_word' id='word_1_337' title='bbox 826 4485 1045 4548; x_wconf 89' lang='lat' dir='ltr'>antecedenti:</span> <span class='ocrx_word' id='word_1_338' title='bbox 1071 4473 1113 4547; x_wconf 77' lang='grc' dir='ltr'>ὧν</span> <span class='ocrx_word' id='word_1_339' title='bbox 1138 4481 1199 4567; x_wconf 75' lang='grc' dir='ltr'>ἐγώ</span> <span class='ocrx_word' id='word_1_340' title='bbox 1224 4482 1263 4546; x_wconf 80' lang='grc' dir='ltr'>τὰ</span> <span class='ocrx_word' id='word_1_341' title='bbox 1287 4481 1345 4564; x_wconf 77' lang='grc' dir='ltr'>μὲν</span> <span class='ocrx_word' id='word_1_342' title='bbox 1361 4479 1440 4546; x_wconf 83' lang='grc' dir='ltr'><em>κατὰ</em></span> <span class='ocrx_word' id='word_1_343' title='bbox 1458 4481 1554 4544; x_wconf 79' lang='grc' dir='ltr'><em>πολέ-</em></span> 
     </span>
    </p>
   </div>
   <div class='ocr_carea' id='block_1_7' title="bbox 368 4657 1205 4730">
    <p class='ocr_par' dir='ltr' id='par_1_10' title="bbox 368 4657 1205 4730">
     <span class='ocr_line' id='line_1_39' title="bbox 368 4657 1205 4730; baseline 0.001 -18"><span class='ocrx_word' id='word_1_344' title='bbox 368 4660 388 4730; x_wconf 83' lang='lat'>¹)</span> <span class='ocrx_word' id='word_1_345' title='bbox 408 4657 602 4714; x_wconf 78' lang='lat' dir='ltr'>Ausidhrliche</span> <span class='ocrx_word' id='word_1_346' title='bbox 622 4658 799 4728; x_wconf 76' lang='lat' dir='ltr'>Griechische</span> <span class='ocrx_word' id='word_1_347' title='bbox 819 4659 990 4713; x_wconf 82' lang='lat' dir='ltr'>Grammatik</span> <span class='ocrx_word' id='word_1_348' title='bbox 1007 4658 1019 4696; x_wconf 78' lang='grc'>3</span> <span class='ocrx_word' id='word_1_349' title='bbox 1037 4659 1066 4710; x_wconf 93' lang='grc' dir='ltr'>Π</span> <span class='ocrx_word' id='word_1_350' title='bbox 1084 4674 1108 4725; x_wconf 92' lang='lat' dir='ltr'>p.</span> <span class='ocrx_word' id='word_1_351' title='bbox 1130 4659 1205 4713; x_wconf 78' lang='lat'>1525.</span> 
     </span>
    </p>
   </div>
   <div class='ocr_carea' id='block_1_8' title="bbox 0 0 1697 5268">
    <p class='ocr_par' dir='ltr' id='par_1_11' title="bbox 0 0 1697 5268">
     <span class='ocr_line' id='line_1_40' title="bbox 0 0 1697 5268; baseline 0 0"><span class='ocrx_word' id='word_1_352' title='bbox 0 0 1697 5268; x_wconf 95' lang='lat' dir='ltr'> </span> 
     </span>
    </p>
   </div>
  </div>
 </body>
</html>
